3028 4826
526 461 845 525 conlucentium
1132 467 1184 525 187

184 626 375 705 postremam
404 619 592 683 sententiam
620 619 665 682 ita
694 616 805 682 extulit
831 625 944 704 poete,
972 626 1008 682 ut
1030 620 1183 683 continuo

184 733 287 818 ipsum
309 728 389 794 illud
403 728 509 793 Arrhii
529 729 647 794 factrun
670 738 854 816 exponeret.
890 729 993 794 Recte
1015 738 1119 795 autem
1133 751 1184 794 me

117 853 120 859 “
185 843 348 929 scripsisse
383 839 480 906 credo
513 835 619 919 λάλει,
653 843 775 922 iacta,
810 861 875 927 quo
914 842 1008 904 etiam
1034 839 1184 927 Diphilus

185 975 260 1018 usus
283 963 332 1018 est
352 951 467 1018 Athen.
490 974 522 1039 p.
544 953 609 1018 292
632 951 660 1016 h.
698 951 836 1034 (Comie.
859 972 964 1040 graec.
978 952 1035 1030 IV,
1056 972 1089 1038 p.
1104 953 1184 1032 395)

184 1065 295 1129 λαλῶν
316 1057 359 1128 τά
379 1063 488 1130 ναῦλα
508 1065 565 1128 καὶ
586 1057 628 1128 τά
651 1058 753 1128 δάνει’
780 1059 974 1152 ἐρυγγάνων,
995 1062 1052 1127 ubi
1072 1063 1185 1128 λαλεῖν

185 1185 217 1240 et
238 1169 426 1264 ἑρνγγάνειν
447 1175 515 1240 lere
538 1184 573 1240 ut
594 1195 777 1261 synonyma
799 1177 969 1240 coniuncta
991 1182 1076 1238 sunt.
1120 1174 1185 1239 Eo

185 1287 257 1351 dem
279 1308 375 1352 sensu
388 1286 523 1352 verbum
545 1282 733 1375 ἐρυγγάνειν
749 1289 946 1372 interpretor
966 1287 1000 1350 in
1014 1284 1090 1351 loco
1106 1307 1185 1373 poe-

185 1407 237 1462 tae
260 1402 413 1484 anonymi
434 1397 567 1464 Anthol.
589 1396 656 1462 Pal.
679 1400 720 1478 V,
741 1400 778 1462 2:

233 1503 303 1589 Τὴν
322 1507 601 1599 καταφλεξίπολιν
614 1507 841 1588 Σθενελαΐδα,
863 1501 925 1588 τὴν
943 1504 1169 1599 βαρύμοσθον,

270 1613 332 1699 τὴν
353 1627 424 1697 τοῖς
443 1622 657 1706 βουλομένοις
674 1614 800 1705 χρυσὸν
820 1623 1043 1708 ἐρευγομένην.

127 1736 128 1740 ’
184 1731 290 1816 Quae,
319 1740 356 1796 ut
376 1731 452 1796 mihi
474 1731 602 1818 quidem
623 1732 766 1810 videtur,
793 1734 907 1796 inimia
929 1754 947 1796 a
969 1734 1046 1798 viris
1069 1731 1184 1798 doctis

183 1845 269 1907 simis
291 1846 324 1907 in
345 1845 416 1908 vitii
431 1846 643 1930 suspicionem
659 1843 795 1909 adducta
809 1852 894 1908 sunt.
924 1844 1079 1910 Nimirum
1094 1845 1184 1910 Sthe-

183 1952 285 2019 nelais
313 1956 352 2018 iis
383 1957 436 2040 qui
464 1957 532 2020 eius
555 1955 818 2053 consuetudinem
847 1965 1037 2041 appeterent
1058 1955 1183 2022 divitias

183 2087 256 2130 suus
278 2087 317 2130 ex
339 2069 484 2153 eorporis
507 2077 641 2153 quaestu
662 2066 814 2133 collectas
832 2066 979 2146 iactabat,
998 2089 1061 2155 quo
1083 2071 1183 2134 maius

183 2176 375 2274 amatoribus
398 2178 585 2244 concubitus
607 2182 743 2267 pretium
765 2187 976 2264 extorqueret.
1011 2200 1014 2207 ·

582 2335 783 2350 *ιι-..-

448 2476 692 2539 cruentemus
709 2488 768 2539 eu.
780 2488 834 2555 vr,
851 2483 914 2538 313.

225 2589 344 2686 Κοάρα
365 2594 580 2679 Πάλλαντος,
601 2595 790 2686 πολυώνυμε
811 2594 932 2667 πότνια
953 2603 1052 2679 Νίκα,

269 2705 430 2800 πρόφρων
450 2711 633 2799 Κραναίων
654 2707 826 2796 ἱμερόεντα
843 2706 948 2798 χορόν

227 2823 298 2888 αἰὲν
319 2817 522 2901 ineundum,
543 2825 665 2900 πολέας
686 2819 716 2888 δ’
735 2827 770 2888 ἐν
791 2817 968 2909 άθάρμασι
990 2823 1135 2888 Μουσᾶν

149 2984 152 2990 .
269 2935 365 3018 Κηΐῳ
387 2930 566 3024 άμφετίθει
586 2933 775 3025 Βακχυλίδῃ
798 2929 991 3024 στεφάνους.

182 3070 230 3134 lta
257 3069 422 3136 Brunolio
448 3079 623 3157 praeeunte
644 3091 771 3134 versum
799 3068 972 3134 seeundum
1001 3066 1102 3134 edidit
1128 3071 1183 3134 Ja-

183 3181 324 3262 cobsius,
354 3180 441 3268 quod
469 3199 537 3246 non
563 3190 652 3246 recte
679 3181 797 3246 facturn
825 3201 895 3246 esse
918 3181 1015 3247 docet
1036 3203 1183 3248 mensura

181 3295 319 3358 nominis
340 3292 528 3383 Κραναῖος,
556 3290 645 3381 quod
667 3295 798 3380 primam
820 3294 962 3379 corripit.
1008 3291 1092 3360 Cod.
1114 3294 1181 3360 Pal.

180 3403 391 3490 Κρανναίυν.
429 3403 666 3493 Corrigendum
683 3404 893 3490 Κραναϊδῶν,
914 3406 948 3468 in
971 3426 1034 3491 quo
1057 3404 1183 3492 syllaba

181 3513 238 3579 illa
260 3514 370 3580 eadem
391 3514 520 3581 lieentia
541 3514 742 3604 producitur,
766 3537 827 3601 qua
848 3512 883 3580 id
904 3517 939 3580 in
960 3515 1031 3582 aliis
1053 3538 1183 3605 quoque

183 3624 426 3712 quadrisyllabis
454 3617 644 3694 nominibus
662 3627 735 3693 fieri
757 3635 895 3706 constat,
923 3637 960 3692 ut
987 3630 1023 3693 in
1050 3630 1183 3716 Τραγα-

182 3739 237 3816 σίη
261 3736 346 3824 apud
368 3738 577 3804 Nicaenetum
599 3739 759 3804 Parthenii
780 3740 871 3804 Erot
890 3740 944 3819 Xl,
965 3741 996 3820 2,
1017 3741 1052 3805 in
1065 3735 1182 3806 Σατά-
1230 3804 1233 3810 ,

182 3870 255 3936 ρεον
276 3851 310 3914 in
333 3848 464 3916 oraculo
488 3849 575 3938 apud
595 3850 745 3917 Strabon.
766 3851 819 3930 Vl,
841 3853 922 3930 279,
944 3853 977 3915 in
1004 3846 1182 3940 Θρασύμα-

178 3983 239 4045 χος
261 3960 345 4048 apud
367 3961 528 4028 Lucilium
550 3963 644 4028 Anth.
668 3961 735 4028 Pal.
758 3962 811 4042 XI,
832 3964 898 4028 309
921 3962 1024 4049 (quod
1045 3962 1127 4028 male
1148 3965 1182 4028 iu

186 4067 406 4159 Θαρσάμαχος
426 4084 579 4142 mutatum
602 4077 680 4157 est),
701 4077 736 4140 in
757 4070 994 4161 Στασικράτης
1015 4074 1100 4164 apud
1121 4077 1183 4142 Po
