3026 4816
331 457 384 513 126
598 449 856 511 ΑΒΝΟΤΑΤΙΟ
881 451 1067 512 CRITICA.

329 607 407 687 νος)
436 597 515 670 ὅσοι
536 597 684 697 ἀσχάλλῃ
712 599 852 683 ὀδύναις.
904 607 1000 692 Atqui
1024 600 1174 691 λογάζτιν
1201 609 1334 694 primam

329 717 487 806 syllabam
508 714 687 804 producere
715 719 792 782 satis
815 715 955 782 ostendit
979 716 1169 783 adiectivum
1191 718 1334 802 λογαῖος,

331 833 419 896 cuius
441 829 591 915 frequens
614 826 699 914 apud
720 839 835 915 poetas
857 851 934 895 usus
958 839 1014 894 est.
1065 828 1253 918 Lugendum
1276 852 1335 919 po-

330 944 407 1020 tius,
429 933 467 1018 ὃς
488 938 524 1004 δέ
546 961 581 1003 κε
603 939 818 1030 λημηρῇ·(ἰλο
840 939 975 1021 Arsen)
998 941 1116 1031 νεφέλῃ
1138 941 1333 1027 λελιπασμέ-

329 1075 388 1131 νος
410 1044 498 1118 ὄσσε.
534 1051 594 1115 Vs.
615 1052 658 1116 10
680 1047 948 1143 ἀλιτοφροσύνην
968 1051 1058 1117 Plan.
1103 1046 1334 1143 ἀλισωφροσύ-

329 1187 392 1246 νην
412 1162 480 1228 Pal
508 1164 543 1227 in
565 1182 630 1249 quo
659 1157 733 1240 ἅλις
754 1158 949 1252 ἀφροσύνην
969 1161 1070 1228 latere
1091 1155 1194 1229 videri
1220 1167 1334 1251 possit,

330 1276 419 1365 quod
440 1286 546 1341 tamen
569 1272 674 1339 editae
695 1273 827 1339 lectioni
850 1274 1115 1362 posthabendum.

417 1385 528 1451 LXIII.
563 1386 659 1451 Vs.5
682 1386 816 1464 διπλοῦς
837 1385 904 1451 Pal.
949 1386 1038 1452 Plan.
1063 1397 1096 1452 et
1117 1386 1232 1454 Suidas
1254 1410 1279 1453 s.
1302 1411 1333 1453 v.

330 1498 479 1586 ἐφίλατο.
513 1498 557 1562 At
569 1495 653 1562 idem
675 1519 700 1562 s.
714 1520 745 1562 v.
766 1497 949 1583 καλαμίτης
970 1498 1068 1564 habet
1082 1494 1223 1577 δισσούς,
1245 1499 1335 1587 quod

330 1612 451 1696 recepit
471 1607 660 1673 Brunckius.
705 1608 826 1674 Rarum
855 1609 982 1696 quidem
1011 1610 1145 1688 διπλοῦς
1172 1632 1234 1699 pro
1263 1612 1334 1678 δισ-

331 1715 390 1799 σδς
412 1720 453 1786 de
475 1729 629 1807 tempore,
653 1729 685 1784 at
703 1718 781 1786 dixit
794 1720 947 1808 Apollon.
962 1721 1070 1789 Rbod.
1087 1722 1110 1802 1,
1126 1722 1191 1788 588
1213 1717 1333 1788 διπλόα

330 1826 454 1918 ἤματα.
498 1833 601 1897 vso
629 1830 702 1896 cod.
731 1833 788 1898 καὶ
814 1830 855 1897 θ’
881 1829 925 1898 ἐτ’
951 1828 1019 1922 ἐφ’.
1072 1832 1163 1898 Plan.
1191 1829 1329 1899 κάτθετ’

330 1940 398 2033 ἐφ’.
443 1942 615 2008 Jacobsius
641 1945 699 2007 καί
726 1940 785 2034 σφ’
812 1941 934 2034 ἔποφ’.
979 1931 1202 2031 Imperfectum
1229 1946 1333 2012 minus

192 2056 194 2060 ’
331 2063 439 2142 aptum
460 2053 534 2118 huic
554 2051 645 2131 loco;
669 2076 766 2141 quare
789 2058 901 2142 scripsi
921 2055 978 2121 καὶ
993 2053 1113 2146 θρέψ’.
1154 2058 1237 2121 Tum
1260 2056 1332 2121 cod.

330 2164 467 2251 ὑμνιδίῳ
485 2168 699 2254 χρησαμένην
719 2161 867 2251 πατάγῳ,
889 2167 1007 2233 sedita
1023 2178 1059 2233 ut
1070 2172 1262 2254 χηραμένην
1282 2190 1334 2233 su-

331 2281 538 2367 perscriptum
567 2279 616 2342 sit.
660 2276 841 2343 Brunckius
867 2289 900 2344 et
919 2279 1090 2344 Jacobsius
1117 2277 1254 2363 irascitur
1272 2302 1335 2364 χη-

330 2393 477 2476 ραμένην
504 2384 652 2472 πατάγῳ.
708 2389 827 2476 Scripsi
855 2394 1027 2476 χηραμένη
1053 2401 1234 2478 praeeunte
1261 2393 1332 2455 viro

331 2503 429 2567 docto
458 2500 544 2587 apud
566 2501 727 2566 Huctium.
779 2500 885 2566 Multo
909 2506 992 2567 enim
1015 2506 1118 2590 aptius
1141 2513 1189 2568 est
1209 2502 1334 2568 Philae·

331 2613 406 2678 nida
435 2635 529 2698 quam
557 2611 713 2677 locustam
738 2616 873 2700 strepitu
900 2617 1042 2701 gavisam
1065 2613 1137 2680 dici.
1177 2611 1333 2701 Ὑμνιδίῳ

331 2748 388 2790 cur
407 2734 550 2790 tentetur
571 2721 652 2790 nibil
674 2746 788 2793 causae
811 2724 918 2790 video.
954 2727 1012 2790 Vs.
1030 2727 1053 2792 8
1074 2725 1164 2792 Plan.
1179 2723 1334 2810 τούλλγον

330 2859 391 2925 pro
412 2832 551 2920 τώλίγον
573 2846 606 2901 et
626 2836 852 2927 πολοτροφίης
873 2858 934 2923 pro
956 2838 1216 2927 πολοστροφίης,
1246 2835 1335 2924 quod

330 2957 416 3014 recte
435 2946 608 3030 Jacobsius
630 2946 671 3013 de
692 2950 788 3012 variis
811 2956 921 3013 cautus
943 2947 1217 3016 modulationibus
1238 2952 1336 3015 iuter-

330 3068 481 3148 pretatur.

417 3170 532 3250 LXIV.
565 3171 623 3234 Vs.
641 3172 659 3235 l
681 3168 752 3234 cod.
767 3166 908 3256 μνήμης,
929 3171 1018 3259 quod
1036 3174 1070 3237 in
1083 3167 1218 3259 μνήμην
1229 3173 1334 3239 Brun-

330 3283 429 3361 clius,
450 3285 484 3347 in
504 3276 670 3369 μνήμονες
692 3280 905 3350 Casaubonus
927 3286 1070 3349 mutavit.
1108 3283 1242 3350 Grotius
1263 3306 1334 3349 ver-

331 3397 383 3459 tit:
412 3393 581 3460 Sobrius
603 3391 786 3459 Eubulus
809 3395 916 3460 iacet
938 3395 1002 3460 bic
1023 3399 1248 3482 iaceatque:
1274 3395 1334 3460 bi-

330 3502 564 3571 bamusNos
586 3504 674 3581 alii;
697 3507 852 3571 cunctis
875 3506 923 3570 ad
939 3507 1222 3595 Stygaportus
1245 3509 1331 3572 erit.

331 3620 379 3683 Ex
407 3639 470 3704 quo
493 3619 671 3704 suspicatur
692 3615 864 3681 Jacobsius
887 3639 959 3684 eum
981 3618 1099 3708 legisse
1120 3620 1238 3706 μνῆμα
1259 3614 1328 3684 τόδ’

330 3724 523 3814 Εὐβούλοιο.
558 3728 596 3793 ld
612 3749 676 3817 ego
693 3730 787 3793 etiam
802 3730 1008 3810 conieceram,
1030 3739 1233 3818 praestatque
1247 3728 1332 3797 baud

331 3839 428 3907 dubie
451 3843 481 3904 ei
504 3838 591 3926 quod
613 3850 745 3906 auctore
768 3838 965 3906 Casaubono
988 3844 1105 3930 recepi.

417 3954 516 4019 XLV.
553 3955 612 4017 Vs.
629 3955 649 4018 I
674 3951 747 4018 cod.
762 3953 813 4029 τίς
826 3949 900 4019 ποτ’
916 3946 970 4039 ἄρ’
985 3947 1006 4035 ἢ
1020 3957 1111 4030 τίνος
1125 3943 1202 4042 ἆρα.
1233 3951 1335 4038 Quod

329 4068 473 4153 ineptum
495 4075 550 4145 est,
572 4075 608 4131 ut
628 4066 703 4130 mihi
726 4062 853 4150 quidem
870 4063 1005 4130 videtur.
1038 4063 1157 4130 Melius
1171 4065 1261 4130 Plan.
1283 4065 1335 4143 τίς
