3026 4816
425 459 686 520 annornm
710 458 896 521 cntrrcn.
1114 464 1167 520 las

158 617 224 684 730
246 620 321 682 αλαῖ
338 611 569 702 Ἀριστοτέλης
589 609 620 680 δ’
636 611 694 680 οὐκ
708 608 881 698 ἀπάνευθε
894 607 1005 702 πατὴρ
1020 613 1168 704 δεξιτερᾷ

157 720 310 820 κεφαλὰν
335 720 547 812 ἐπεμάσσετο.
592 727 695 792 Vsu
724 723 797 790 cod.
823 719 1032 805 στσλήσαιτσ.
1076 726 1165 792 Plan.

159 832 372 905 στνλείσαιτο.
418 836 608 923 Sequentia,
630 837 801 924 inquibus
823 857 928 922 neque
951 840 1091 903 orationi
1112 860 1168 904 ne-

158 971 222 1037 que
252 950 430 1014 sententiae
459 970 518 1013 sua
545 957 608 1012 stat
628 950 729 1029 ratio,
756 946 863 1013 mrdtis
890 946 995 1014 modis
1017 959 1168 1038 conupta

158 1070 246 1127 sunt:
268 1081 330 1126 nec
345 1062 536 1146 interpretes
552 1057 720 1146 quidquam
736 1057 920 1139 attulerunt,
943 1060 1031 1147 quod
1047 1061 1167 1126 referre

159 1282 253 1349 cedat
280 1303 414 1348 necesse
443 1291 506 1346 est:
535 1279 681 1347 ducenda
709 1302 790 1348 uxor
811 1291 845 1348 et
865 1303 968 1372 genus
993 1281 1167 1350 liberorum

160 1397 318 1484 progenie
345 1391 557 1470 fulciendum3
591 1392 702 1460 sordet
739 1392 852 1461 domus
884 1391 981 1459 nullis
1010 1394 1167 1462 columnis

160 1506 285 1583 fulcita3
309 1515 420 1571 contra
436 1502 488 1569 vel
510 1504 786 1592 splendidissimus
808 1505 909 1586 focus,
932 1507 1055 1571 etiamsi
1069 1505 1166 1595 lignis

161 1615 312 1695 abundet,
335 1615 490 1682 obscurus
506 1626 620 1697 manet,
641 1619 669 1681 si
689 1620 835 1683 titionem
857 1616 996 1683 occultat
1017 1619 1036 1682 i.
1056 1639 1082 1682 e.
1106 1619 1168 1682 nisi

161 1730 246 1816 ignis
268 1730 303 1792 in
325 1749 366 1794 eo
388 1727 509 1808 luceat,
538 1726 625 1816 quod
647 1728 785 1794 familiae
810 1738 842 1794 et
865 1728 1059 1795 domesticae
1080 1732 1166 1794 vitae

164 1838 322 1904 indicium.
365 1839 476 1925 ltaque
498 1839 605 1905 locum
626 1843 670 1906 ita
692 1843 836 1929 corrigo:

296 1947 315 2016 ὁ
338 1946 368 2014 δ’
384 1939 429 2014 αὖ
449 1947 575 2034 λῷστός
595 1948 627 2036 γ’
653 1947 770 2039 ἀνέρος
791 1947 954 2041 ὲσχσνρεῶν

250 2056 382 2139 σύσκιος
403 2055 448 2128 ὢν
470 2065 639 2152 φαίνοιτο,
664 2065 720 2129 καὶ
742 2068 770 2128 ελ
791 2063 950 2128 πολνκαέϊ
970 2055 1056 2147 ὄγκῳ

294 2174 405 2263 ἐνστῇ,
428 2169 575 2258 λνγάζων
597 2167 701 2240 δαλὸν
722 2168 924 2262 ἐπεσχσίριον.

165 2288 270 2351 Versu
291 2288 428 2372 septimo
451 2307 526 2351 num
548 2288 617 2373 ipsa
637 2285 736 2350 verba
757 2295 874 2373 poetae
896 2283 1087 2350 reddiderim
1111 2285 1167 2352 du-

163 2397 242 2478 bito,
262 2419 450 2484 quamquam
478 2397 630 2485 proclivis
654 2397 838 2485 depravatio
862 2395 1034 2462 verborum
1060 2395 1166 2466 CYC-

163 2505 357 2578 ΚΙΟΟΩΝ
379 2512 413 2574 in
441 2505 628 2581 ΕΥΚΙΩΝ
645 2509 695 2591 *).
747 2507 880 2575 Certum
909 2507 1050 2573 arbitror
1078 2510 1166 2596 quod

163 2623 310 2707 sequenti
337 2642 433 2686 versu
461 2642 521 2707 pro
551 2615 702 2705 αὐγάζων
729 2622 861 2708 reposui
886 2613 1047 2703 λνγάζων,
1077 2625 1166 2687 cuius

163 2732 254 2797 verbi
277 2734 337 2797 etsi
359 2731 479 2798 nullum
503 2731 679 2819 exemplum
700 2732 821 2812 habeo,
849 2740 955 2796 tamen
977 2740 1014 2795 ut
1035 2727 1165 2816 αὐγάζω

104 2923 109 2943 .
164 2842 204 2910 ab
227 2837 326 2929 αὐγή,
350 2845 395 2908 ita
416 2839 543 2930 λνγάζω
566 2866 586 2908 a
607 2837 688 2928 λνγὴ
710 2846 883 2910 rectissime
905 2841 1070 2908 formatur.
1113 2844 1166 2911 De

165 2957 349 3043 compositis
368 2951 562 3040 ’ἐπιλνγάζω
591 2965 624 3021 et
660 2950 848 3040 ἑτιηλνγάζω
874 2954 950 3019 vide
977 2955 1166 3046 Piersonum

165 3067 206 3133 ad
228 3067 332 3133 Moer.
355 3089 388 3153 p.
409 3069 471 3133 163
494 3077 527 3132 et
548 3067 775 3133 Ruhnkenium
798 3066 839 3132 ad
862 3068 943 3132 Tim.
965 3091 999 3153 p.
1016 3069 1089 3148 118,
1112 3071 1166 3155 qui

164 3179 296 3266 simplex
329 3171 477 3262 λνγσίζειν
504 3177 685 3244 Heliodoro
720 3189 837 3266 poetae
872 3177 958 3264 apud
991 3178 1166 3245 Stobaeum

165 3290 253 3356 Flor.
266 3283 344 3370 'Qu
367 3291 451 3354 iusto
474 3289 687 3356 confidentius
709 3293 888 3356 restitutum
904 3292 961 3354 ivit
975 3290 1039 3356 hoc
1053 3290 1166 3357 modo:

165 3395 203 3479 ὃς
224 3402 259 3467 δέ
280 3423 316 3467 κε
333 3400 499 3493 Κιμμερίρ
519 3403 638 3494 νεφέλῃ
655 3402 895 3488 λελσγασμένος
915 3405 989 3487 (pro
1010 3401 1166 3488 λελυσμέ-

234 3574 266 3644 *)
298 3572 452 3632 Similitudo
474 3575 612 3633 literarum
632 3580 655 3633 C
673 3585 701 3633 et
720 3579 746 3649 Ε
766 3577 920 3633 innumeros
942 3575 1019 3632 locos
1037 3579 1165 3656 corrupit

165 3656 246 3738 Apud
264 3658 398 3718 Plutarch.
418 3661 502 3720 Cous.
519 3662 612 3740 Apoll.
634 3683 661 3740 p.
681 3666 733 3718 114
750 3684 772 3720 c.
795 3661 879 3726 οὐδεὶς
900 3665 950 3737 γὰρ
973 3661 1078 3734 ἀγαθὸς
1095 3662 1167 3728 ἄξιος

164 3747 269 3822 θρήνων
286 3745 344 3804 ἀλλ’
357 3749 442 3822 ὕμνων
460 3756 505 3806 καλ
521 3750 637 3817 lucardo,
656 3747 715 3806 σῦδλ
732 3757 859 3816 πένθους,
879 3747 945 3806 ἀλλὰ
961 3748 1062 3822 μνήμης
1079 3747 1166 3806 aduls-

166 3834 224 3896 οῦς·
243 3831 303 3890 citt
322 3837 439 3910 δακρύων
456 3835 600 3904 ἐπωδύνων,
615 3833 715 3894 ’AAA'
732 3833 916 3892 'ACTEmN
929 3832 1062 3909 ἀπαρχῶν,
1080 3843 1130 3907 εἴγε
1150 3837 1165 3892 ὁ

163 3923 327 3992 μετηλλαχὼς
354 3921 493 3997 θειότερόν
520 3947 578 3978 τινα
606 3929 664 3993 βίον
691 3926 859 3996 μετείληφεν,
886 3918 1028 3996 legendum
1048 3919 1166 3979 'AAAA

161 4001 323 4077 'erman
338 4004 410 4076 (ἄλλ’
424 4007 524 4078 ἐτείων)
543 4007 673 4086 ἇνταρχῶν.
705 4005 851 4064 Plerttonns
862 4005 986 4065 Verisim.
1005 4027 1032 4084 p.
1044 4008 1097 4064 258
1109 4015 1166 4063 len·

164 4090 238 4148 labat
255 4089 320 4148 ἆλλελ
337 4099 421 4150 θείων
438 4090 570 4171 ἆπαρχῶν.
