3026 4816
324 451 360 507 78
681 451 971 505 ΔΙΟΣΚΟΡΙΔΟΥ

246 739 247 744 ’
323 745 463 836 Βλέψον
482 748 517 823 ἐς
533 742 734 836 Ἑρμογένην
754 741 872 836 πλήρει
889 748 961 836 χερὶ
986 747 1043 814 καὶ
1064 741 1152 834 τάχα
1171 744 1304 837 πρήξεις
1371 833 1376 838 ι

365 851 571 946 παιδοκόραξ
591 848 639 924 ὧν
659 878 715 925 σοι
734 851 850 946 θυμός
871 855 1081 947 ὀνειροπολεῖ,

322 969 379 1036 καὶ
400 961 543 1054 σττηνὴν
563 964 698 1060 ὀφρύων
718 965 827 1048 λύσεις
847 964 959 1036 τάσιν·
984 963 1028 1050 ἢν
1049 966 1080 1035 δ’
1104 966 1216 1063 άλιεύγ

367 1073 519 1172 ὀρφανόν
540 1077 719 1170 ἀγκίστρου
739 1076 859 1169 κύματι
881 1073 958 1158 δοὺς
978 1075 1139 1168 κάλαμον,

322 1189 422 1272 ἕλξεις
442 1195 478 1258 ἐκ
497 1192 628 1279 λιμένος
647 1186 775 1274 πολλὴν
796 1186 935 1280 δρόσον·
957 1189 1032 1259 οὐδὲ
1053 1185 1117 1283 γάρ
1140 1189 1239 1271 αλδάς

366 1300 436 1370 οὐδ’
462 1304 550 1383 έλεος
571 1298 710 1389 δαπάνη)
731 1298 868 1370 κόλλοπι
889 1304 1114 1394 σοντρέφεται.

793 1443 874 1517 Ν..

319 1557 512 1652 Ἐξέφυγον,
533 1555 691 1647 Διόδωρε,
712 1556 752 1627 τό
774 1553 836 1628 σόν
856 1555 972 1649 βάρος.
994 1556 1062 1627 ἀλλ’
1082 1554 1170 1628 ’ὅσον
1190 1558 1266 1628 εἶπα

365 1671 548 1765 ,ἐξέφυγον
568 1665 629 1739 τὸν
649 1666 731 1758 ἐμόν
752 1673 899 1759 δαίμονα
919 1666 1143 1760 πικρότατον“
1231 1695 1234 1700 ·

320 1778 511 1873 πικρότερός
530 1805 573 1870 με
593 1788 763 1871 κατέσχεν,
780 1776 1027 1874 Ἀριστοκράτει
1048 1783 1083 1849 δέ
1104 1779 1269 1874 λατρεύων

291 1972 301 1979 .
363 1896 467 1984 μυρία
488 1890 694 1964 δεσπόσυνον
714 1897 772 1963 καὶ
793 1895 906 1983 τρίτον
927 1895 1108 1982 ἐκδέχομαι.

801 2042 845 2108 V.

268 2202 270 2206 .
320 2148 465 2236 Σπονδὴ
485 2156 543 2222 καὶ
564 2155 725 2241 λιβανωτέ
745 2155 803 2223 καὶ
824 2155 857 2220 οἱ
878 2154 1015 2242 κρητῆρι
1035 2156 1183 2241 μιγέντες

364 2268 534 2352 δαίμονες,
556 2265 590 2332 οἳ
612 2267 725 2357 φιλίης
745 2261 880 2356 τέρματ’
906 2265 988 2352 ἐμῆς
1008 2265 1103 2351 έχετε,

319 2377 435 2466 ὑμέας,
457 2367 485 2443 ὦ
505 2382 634 2464 σεμνοί,
656 2371 881 2467 μαρτύρομαι,
903 2369 961 2455 οὓς
982 2372 1001 2443 ὁ
1022 2376 1181 2466 μελέχρως
1303 2393 1306 2400 ·

363 2490 482 2580 κοῦρος
499 2483 688 2571 Ἀθήναιος
708 2483 837 2566 πάντας
859 2483 1065 2573 ἐπωμόσατο.

793 2633 851 2700 Ἦ.

326 2740 394 2815 Τόν
415 2740 528 2826 καλόν,
550 2743 594 2824 ὡς
607 2745 732 2831 έλαβες,
752 2745 907 2830 κομέσαις
925 2739 1007 2811 πάλι
1026 2739 1109 2834 πρός
1129 2767 1171 2831 με
1190 2742 1326 2836 θεωρόυ

363 2852 605 2949 Εὐφραγόρην,
627 2854 757 2944 ἀνέμων
777 2851 943 2946 πρηΰτατε
965 2855 1091 2946 ζέφυρε,

320 2975 366 3050 εὶς
387 2968 502 3056 ὀλίγον
523 2969 633 3047 τεένας
652 2970 766 3055 μηνῶν
787 2970 924 3056 μέτρον,
946 2962 990 3045 ὡς
1010 2968 1068 3034 καὶ
1089 2964 1108 3034 ὁ
1129 2964 1246 3058 μικρός

362 3085 516 3172 μυριέτης
535 3083 680 3169 κέκριται
701 3081 748 3165 τῷ
769 3079 918 3170 φιλέοντι
935 3071 1066 3168 χρόνος.

781 3226 853 3292 Vll.

312 3336 433 3428 Ὅρκον
453 3331 566 3404 κοινόν
581 3331 697 3427 Ἔρωτ’
723 3331 955 3423 ἀνεθήκαμεν,
977 3331 1076 3426 ὅρκος
1097 3332 1117 3402 ὁ
1140 3334 1261 3419 πιστήν

359 3444 535 3540 Ἀρσινόης
556 3450 700 3535 θέμενος
721 3442 934 3538 Σωσυτάτρφ
955 3448 1080 3539 φιλίην.

319 3560 387 3630 ἀλλ’
410 3557 516 3660 ἡμὲν
536 3554 662 3650 ψευδὴς
683 3553 813 3627 κενάδ
841 3554 951 3648 ὅρκια,
972 3561 1020 3645 τῷ
1041 3556 1072 3626 δ’
1099 3555 1278 3651 ἐφυλάχθη

362 3678 483 3762 ἵμερος.
504 3669 527 3755 ἡ
550 3673 585 3739 δὲ
607 3673 700 3740 θεῶν
721 3668 762 3738 ού
784 3663 914 3762 φανερὴ
936 3666 1084 3758 δύναμις.

319 3823 519 3836 ——-—-

388 3906 433 3964 ΙΠ.
455 3906 510 3964 Pal.
521 3907 585 3978 ΧΗ,
602 3912 645 3966 42.
669 3906 717 3966 Vs,
729 3913 754 3965 2.
773 3907 818 3964 ιῖν
836 3930 878 3964 σοι
900 3916 927 3962 et
945 3905 1099 3984 ὄνειροπολῇ
1124 3907 1203 3966 Vo.3
1221 3908 1326 3982 ἆλιεύης

319 4028 351 4040 ·-
370 3994 417 4053 IV.
435 3992 491 4051 Pal.
503 3993 563 4063 ΧΙΙ,
577 3997 636 4051 169.
655 3993 703 4052 Vs.
719 3998 732 4049 Ι
751 3993 814 4051 fort.
826 4000 902 4057 εἴπας
919 4026 952 4036 -
970 3991 1003 4050 V.
1022 3993 1225 4062 Ρε1.Χ11,170.
1243 3990 1324 4051 VM

315 4079 460 4154 Ἀθηναῖος
480 4114 511 4126 -
530 4080 575 4140 Vl.
594 4080 650 4140 Pal.
662 4081 722 4151 ΧΠ,
743 4085 800 4138 171.
819 4109 854 4122 -
872 4079 930 4138 Vll.
948 4078 1005 4138 Pul.
1018 4078 1053 4149 V,
1071 4084 1115 4138 52.
