3026 4816
318 442 370 495 llo
586 436 845 496 Annorfflo
868 437 1052 499 CRlTlCA.

317 589 394 655 thol.
417 589 505 654 Plan.
536 588 585 655 ed.
607 593 676 654 Jac.
702 593 780 670 12⁰,
809 613 846 656 ea
870 591 910 657 ab
933 592 1003 657 aliis
1024 595 1156 672 rectius,
1186 602 1223 658 ut
1243 595 1319 660 mihi

316 701 444 789 quidem
459 701 594 781 videtur,
615 701 668 767 vel
684 701 815 788 Hedylo
831 705 1040 792 assignantur,
1063 703 1117 769 vel
1131 705 1319 793 Posidippo,

315 812 368 878 vel
390 812 570 892 Aristoteli,
598 813 651 879 vel
674 812 817 893 Platoni,
846 814 899 879 vel
921 814 1091 881 Archelao.
1142 817 1254 902 ltaque
1280 839 1318 883 ea

315 946 383 991 non
404 928 504 1014 magis
525 929 633 1012 recepi
663 946 756 1012 quam
781 925 869 1011 quod
890 927 986 993 Anth.
1008 925 1075 992 Pal.
1097 928 1172 1007 ΧΠ,
1194 930 1238 994 36
1260 929 1319 994 As-

315 1036 451 1124 clepiadi
475 1038 710 1124 Adramytteno
739 1036 896 1103 tribuitur.
948 1039 1061 1104 Eidem
1082 1039 1317 1126 Adramytteno

314 1160 431 1237 poetae
455 1154 549 1215 etiam
571 1171 682 1215 eorum
704 1148 861 1215 nonnulla
889 1149 998 1216 forsan
1020 1149 1213 1241 assignanda
1235 1160 1318 1230 sunt,

314 1285 397 1349 quae
426 1283 488 1352 ego
512 1260 694 1349 Asclepiadi
722 1254 830 1326 Samio
861 1261 1003 1327 attribui:
1031 1265 1065 1327 in
1094 1262 1207 1328 codice
1234 1265 1318 1327 enim

314 1374 396 1440 nulli
430 1395 540 1440 eorum
574 1376 696 1460 patriae
730 1372 922 1461 significatio
957 1372 1116 1462 adscripta
1146 1384 1204 1439 est.
1261 1373 1318 1439 Sa-

312 1508 398 1551 mum
432 1495 536 1550 autem
571 1488 705 1572 patriam
740 1495 884 1549 nostrum
912 1485 1134 1573 Asclepiadem
1167 1484 1317 1552 babuisse

238 1671 241 1676 .
313 1597 503 1685 intelligitur
526 1617 563 1660 ex
585 1595 685 1660 schol.
709 1595 846 1661 Theocr.
870 1595 944 1679 vn,
967 1599 1019 1662 40.
1060 1599 1139 1662 Eius
1163 1600 1317 1685 epigram-

313 1718 396 1773 mata
425 1706 624 1796 Meleagrum
653 1729 729 1772 suae
765 1719 932 1795 poetarum
966 1729 1107 1773 coronae
1135 1712 1317 1788 intermisse,

313 1829 439 1885 constat
461 1840 498 1883 ex
520 1819 612 1884 huius
635 1816 740 1884 Carm.
759 1820 789 1899 l,
811 1822 864 1886 lo.
895 1822 948 1906 qui
971 1841 1042 1884 eum
1064 1823 1165 1907 patris
1185 1824 1316 1886 nomine

233 1913 236 1919 ⁵
313 1929 482 1996 Sicelidam
504 1933 641 2009 vocavit,
664 1931 751 2016 quod
773 1931 848 1996 iecit
871 1934 963 1997 etiam
988 1931 1190 1997 Theocritus.
1227 1932 1316 1997 Alio-

312 2066 382 2109 rum
411 2045 479 2108 eius
509 2044 679 2107 carminum
708 2042 886 2131 fragmenta
912 2023 1035 2129 reperi⁸
1049 2042 1137 2108 nulla
1170 2047 1231 2109 nisi
1253 2044 1317 2109 hoc

312 2176 410 2220 unum
433 2153 518 2241 apud
539 2154 680 2240 Etymol.
704 2154 750 2219 Μ.
773 2178 804 2241 p.
829 2156 907 2233 157,
928 2157 972 2220 33
992 2149 1201 2235 Ἀσπληδιόνε
1230 2157 1316 2246 φασὶ

312 2259 376 2352 γὰρ
405 2263 489 2347 εἶναι
511 2261 700 2346 Σπληδόνα
728 2259 787 2331 τὸν
814 2266 1017 2352 Πρεσβῶνος
1044 2267 1101 2331 καὶ
1128 2259 1318 2354 Στερόπης..

309 2372 560 2467 Ἀπολλόδωρος
582 2378 616 2442 δέ
640 2399 742 2467 φησιν
764 2381 818 2457 (in
840 2381 1068 2444 commentario
1090 2379 1258 2457 Boeotiae,
1279 2386 1316 2442 ut

311 2489 458 2570 videtur)
478 2484 723 2569 Ἀσκληπιάδην
740 2484 842 2566 οὕτως
856 2490 960 2574 λέγειν
973 2483 1162 2568 Σπληδόνα
1182 2484 1206 2553 τ’
1234 2484 1316 2572 η’γα-

311 2604 409 2682 θέην.
446 2585 553 2667 schol.
569 2602 652 2665 ven.
675 2602 807 2666 nomen
822 2593 865 2666 n
882 2604 911 2680 5,
935 2602 1014 2666 ora:
1034 2595 1195 2677 Ἀπαισός
1217 2605 1315 2678 ἐστιν,

311 2708 354 2793 ἢν
375 2706 430 2778 διὰ
451 2707 490 2778 τὸ
505 2715 625 2799 μέτρον
639 2707 776 2779 ΙΙαισὸν
791 2708 886 2790 εἶπεν,
908 2708 951 2788 ὡς
965 2706 1162 2792 Σπληδόνα.
1196 2712 1315 2797 Quam-

312 2847 404 2910 quam
426 2825 489 2889 hoc
513 2826 606 2889 etiam
629 2825 765 2890 fortasse
796 2845 833 2887 err
855 2825 1081 2911 epigrammate
1104 2820 1233 2890 ductum
1256 2834 1313 2889 est.

311 2935 412 3021 Quod
435 2946 539 3002 autem
561 2933 751 3016 Σπληὸόνα
766 2933 972 3020 Asclepiades
994 2932 1072 3000 dixit
1088 2957 1149 3021 pro
1168 2931 1314 3015 Ἀσπλη-

311 3042 408 3125 δόνα,
438 3046 582 3113 similiter
603 3047 702 3136 Κῖρις
730 3046 893 3112 dicebatur
920 3055 952 3110 et
973 3039 1113 3135 ’Ἁκνρις,
1147 3040 1315 3131 Ταβύριον

244 3239 246 3242 ¹
312 3168 345 3224 et
365 3154 572 3244 Ἀταβύριον,
595 3168 628 3223 et
650 3159 711 3222 alia
732 3158 766 3223 id
790 3181 891 3246 genus
914 3158 1016 3246 plura.
1061 3159 1134 3246 lpse
1155 3159 1314 3223 Homerus

311 3293 404 3356 quam
432 3269 544 3334 urbem
570 3265 733 3335 Ἀπαισὸν
756 3269 831 3335 dixit
860 3270 895 3335 ll.
920 3273 955 3350 2,
978 3271 1058 3349 826,
1086 3292 1156 3335 eam
1177 3261 1315 3336 Παισόν

311 3381 484 3470 appellavit
505 3382 541 3448 ll.
565 3386 601 3463 5,
624 3384 689 3447 olo
717 3377 754 3459 ὅς
775 3379 807 3468 ῥ’
834 3384 883 3448 ἐνὶ
904 3384 1028 3466 Παισῷ
1049 3382 1186 3465 ναῖε*).
1229 3381 1315 3445 Hinc

311 3497 437 3583 corrige
459 3494 676 3560 Herodianum
690 3493 776 3558 Dict.
800 3492 860 3559 sol.
880 3518 911 3581 p.
928 3496 980 3575 38,
1001 3497 1045 3561 26
1068 3493 1108 3561 de
1130 3494 1313 3560 nominibus

310 3607 345 3670 in
366 3612 425 3683 σῦς
446 3608 528 3686 (non
551 3608 602 3687 ῦς)
625 3604 844 3673 desinentibus
862 3604 1085 3672 disserentem:
1107 3601 1313 3686 Λισσός**),

379 3879 413 3949 3)
448 3877 639 3957 801101.Ῑιίρυ.
663 3881 765 3942 Παισὸς
791 3878 865 3943 πόλις
907 3923 914 3934 .
950 3922 957 3935 .
994 3925 1000 3934 .
1041 3880 1097 3951 ἥτις
1119 3880 1249 3956 γράφεται
1270 3883 1315 3935 καὶ

307 3964 437 4028 Ἑπαιτός.
472 3963 545 4042 Lege
560 3964 695 4028 Ἀπαιαός.

378 4059 426 4129 ss)
456 4057 530 4118 Fort.
548 4059 655 4124 Λυσσός
672 4057 716 4115 cll.
736 4057 874 4137 Stephano
892 4057 958 4134 Byr.
976 4067 1002 4117 t.
1021 4060 1135 4124 Λύκτος.
