<?xml version="1.0" encoding="UTF-8"?>
<!DOCTYPE html PUBLIC "-//W3C//DTD XHTML 1.0 Transitional//EN"
    "http://www.w3.org/TR/xhtml1/DTD/xhtml1-transitional.dtd">
<html xmlns="http://www.w3.org/1999/xhtml" xml:lang="en" lang="en">
 <head>
  <title>
</title>
<meta http-equiv="Content-Type" content="text/html;charset=utf-8" />
  <meta name='ocr-system' content='tesseract 3.04.00' />
  <meta name='ocr-capabilities' content='ocr_page ocr_carea ocr_par ocr_line ocrx_word'/>
</head>
<body>
  <div class='ocr_page' id='page_1' title='image "./delectuspoetaru00meingoog_0036.png"; bbox 0 0 3016 4808; ppageno 0'>
   <div class='ocr_carea' id='block_1_1' title="bbox 534 447 952 528">
    <p class='ocr_par' dir='ltr' id='par_1_1' title="bbox 534 447 952 528">
     <span class='ocr_line' id='line_1_1' title="bbox 534 447 952 528; baseline 0.002 -31"><span class='ocrx_word' id='word_1_1' title='bbox 534 447 845 500; x_wconf 78' lang='grc' dir='ltr'><strong>ΑΣΚΛΗῙΠΛΔΟΥ</strong></span> <span class='ocrx_word' id='word_1_2' title='bbox 948 523 952 528; x_wconf 35' lang='grc' dir='ltr'>Ι</span> 
     </span>
    </p>
   </div>
   <div class='ocr_carea' id='block_1_2' title="bbox 178 631 1169 1614">
    <p class='ocr_par' dir='ltr' id='par_1_2' title="bbox 604 631 777 698">
     <span class='ocr_line' id='line_1_2' title="bbox 604 631 777 698; baseline 0 0"><span class='ocrx_word' id='word_1_3' title='bbox 604 631 777 698; x_wconf 80' lang='lat' dir='ltr'>*XXXIII</span> 
     </span>
    </p>

    <p class='ocr_par' dir='ltr' id='par_1_3' title="bbox 178 737 1100 945">
     <span class='ocr_line' id='line_1_3' title="bbox 178 737 1100 834; baseline 0.003 -27"><span class='ocrx_word' id='word_1_4' title='bbox 178 739 292 809; x_wconf 81' lang='grc' dir='ltr'><strong><em>Αὐτοὶ</em></strong></span> <span class='ocrx_word' id='word_1_5' title='bbox 313 745 536 828; x_wconf 71' lang='grc' dir='ltr'><strong><em>ποιμαίνοντα</em></strong></span> <span class='ocrx_word' id='word_1_6' title='bbox 556 739 768 834; x_wconf 76' lang='grc' dir='ltr'><strong><em>μεσαμβρινά</em></strong></span> <span class='ocrx_word' id='word_1_7' title='bbox 788 737 880 828; x_wconf 85' lang='grc' dir='ltr'><strong><em>μῆλά</em></strong></span> <span class='ocrx_word' id='word_1_8' title='bbox 900 760 938 807; x_wconf 89' lang='grc' dir='ltr'><strong><em>σε</em></strong></span> <span class='ocrx_word' id='word_1_9' title='bbox 961 743 1100 812; x_wconf 86' lang='grc' dir='ltr'><strong><em>Μοῦσαι</em></strong></span> 
     </span>
     <span class='ocr_line' id='line_1_4' title="bbox 231 851 941 945; baseline -0.001 -25"><span class='ocrx_word' id='word_1_10' title='bbox 231 855 372 945; x_wconf 69' lang='grc' dir='ltr'><strong><em>ἔδρακον</em></strong></span> <span class='ocrx_word' id='word_1_11' title='bbox 392 858 428 921; x_wconf 83' lang='grc' dir='ltr'><strong><em>ίν</em></strong></span> <span class='ocrx_word' id='word_1_12' title='bbox 450 862 609 941; x_wconf 87' lang='grc' dir='ltr'><strong><em>κραναοῖς</em></strong></span> <span class='ocrx_word' id='word_1_13' title='bbox 630 852 775 940; x_wconf 76' lang='grc' dir='ltr'><strong><em>οὔρεσιν,</em></strong></span> <span class='ocrx_word' id='word_1_14' title='bbox 793 851 941 934; x_wconf 89' lang='grc' dir='ltr'><strong><em>Ἡσίοδε,</em></strong></span> 
     </span>
    </p>

    <p class='ocr_par' dir='ltr' id='par_1_4' title="bbox 184 963 1043 1168">
     <span class='ocr_line' id='line_1_5' title="bbox 184 963 1043 1055; baseline 0 -23"><span class='ocrx_word' id='word_1_15' title='bbox 184 970 244 1032; x_wconf 89' lang='grc' dir='ltr'><strong><em>καί</em></strong></span> <span class='ocrx_word' id='word_1_16' title='bbox 265 987 320 1033; x_wconf 92' lang='grc' dir='ltr'><strong><em>σοι</em></strong></span> <span class='ocrx_word' id='word_1_17' title='bbox 341 965 578 1046; x_wconf 79' lang='grc' dir='ltr'><strong><em>καλλιπίτηλον</em></strong></span> <span class='ocrx_word' id='word_1_18' title='bbox 599 963 819 1055; x_wconf 77' lang='grc' dir='ltr'><strong><em>ἐρυσσάμεναι</em></strong></span> <span class='ocrx_word' id='word_1_19' title='bbox 838 967 914 1054; x_wconf 77' lang='grc' dir='ltr'><strong><em>περὶ</em></strong></span> <span class='ocrx_word' id='word_1_20' title='bbox 934 967 1043 1034; x_wconf 77' lang='grc' dir='ltr'><strong><em>πᾶσαι</em></strong></span> 
     </span>
     <span class='ocr_line' id='line_1_6' title="bbox 231 1070 820 1168; baseline 0.002 -25"><span class='ocrx_word' id='word_1_21' title='bbox 231 1071 357 1168; x_wconf 82' lang='grc' dir='ltr'><strong><em>ώρεξαν</em></strong></span> <span class='ocrx_word' id='word_1_22' title='bbox 379 1070 512 1168; x_wconf 80' lang='grc' dir='ltr'><strong><em>δάφνας</em></strong></span> <span class='ocrx_word' id='word_1_23' title='bbox 532 1072 623 1166; x_wconf 82' lang='grc' dir='ltr'><strong><em>ἱερὸν</em></strong></span> <span class='ocrx_word' id='word_1_24' title='bbox 644 1073 820 1167; x_wconf 85' lang='grc' dir='ltr'><strong><em>άκρεμόνα,</em></strong></span> 
     </span>
    </p>

    <p class='ocr_par' dir='ltr' id='par_1_5' title="bbox 188 1171 985 1390">
     <span class='ocr_line' id='line_1_7' title="bbox 188 1171 985 1282; baseline -0.001 -26"><span class='ocrx_word' id='word_1_25' title='bbox 188 1190 301 1257; x_wconf 72' lang='grc' dir='ltr'><strong><em>οσιαι</em></strong></span> <span class='ocrx_word' id='word_1_26' title='bbox 322 1190 357 1256; x_wconf 75' lang='grc' dir='ltr'><strong><em>σε</em></strong></span> <span class='ocrx_word' id='word_1_27' title='bbox 379 1183 504 1278; x_wconf 72' lang='grc' dir='ltr'><strong><em>κρειις</em></strong></span> <span class='ocrx_word' id='word_1_28' title='bbox 521 1171 727 1266; x_wconf 71' lang='grc' dir='ltr'><strong><em>Ἑιαιιιοις</em></strong></span> <span class='ocrx_word' id='word_1_29' title='bbox 747 1189 869 1256; x_wconf 72' lang='grc' dir='ltr'><strong><em>ειοειι</em></strong></span> <span class='ocrx_word' id='word_1_30' title='bbox 881 1184 985 1282; x_wconf 60' lang='grc' dir='ltr'><strong><em>νειμ</em></strong></span> 
     </span>
     <span class='ocr_line' id='line_1_8' title="bbox 233 1295 979 1390; baseline 0.001 -23"><span class='ocrx_word' id='word_1_31' title='bbox 233 1296 273 1367; x_wconf 85' lang='grc' dir='ltr'><strong><em>τὰ</em></strong></span> <span class='ocrx_word' id='word_1_32' title='bbox 294 1301 424 1369; x_wconf 82' lang='grc' dir='ltr'><strong><em>πτανοῦ</em></strong></span> <span class='ocrx_word' id='word_1_33' title='bbox 443 1295 556 1367; x_wconf 85' lang='grc' dir='ltr'><strong><em>πώλου</em></strong></span> <span class='ocrx_word' id='word_1_34' title='bbox 576 1296 731 1388; x_wconf 79' lang='grc' dir='ltr'><strong><em>πρόσθεν</em></strong></span> <span class='ocrx_word' id='word_1_35' title='bbox 751 1303 871 1390; x_wconf 78' lang='grc' dir='ltr'><strong><em>ίκοφεν</em></strong></span> <span class='ocrx_word' id='word_1_36' title='bbox 892 1295 979 1381; x_wconf 84' lang='grc' dir='ltr'><strong><em>ὄνυξ,</em></strong></span> 
     </span>
    </p>

    <p class='ocr_par' dir='ltr' id='par_1_6' title="bbox 185 1403 1169 1614">
     <span class='ocr_line' id='line_1_9' title="bbox 185 1403 1169 1503; baseline 0 -24"><span class='ocrx_word' id='word_1_37' title='bbox 185 1403 228 1479; x_wconf 88' lang='grc' dir='ltr'><strong><em>οὗ</em></strong></span> <span class='ocrx_word' id='word_1_38' title='bbox 251 1407 292 1479; x_wconf 81' lang='grc' dir='ltr'><strong><em>σδ</em></strong></span> <span class='ocrx_word' id='word_1_39' title='bbox 313 1409 554 1503; x_wconf 77' lang='grc' dir='ltr'><strong><em>κορεσσάμενος</em></strong></span> <span class='ocrx_word' id='word_1_40' title='bbox 574 1405 734 1501; x_wconf 78' lang='grc' dir='ltr'><strong><em>μακάρων</em></strong></span> <span class='ocrx_word' id='word_1_41' title='bbox 753 1417 847 1499; x_wconf 71' lang='grc' dir='ltr'><strong><em>γένος</em></strong></span> <span class='ocrx_word' id='word_1_42' title='bbox 868 1414 948 1498; x_wconf 76' lang='grc' dir='ltr'><strong><em>ίρμα</em></strong></span> <span class='ocrx_word' id='word_1_43' title='bbox 970 1436 1004 1480; x_wconf 87' lang='grc' dir='ltr'><strong><em>τε</em></strong></span> <span class='ocrx_word' id='word_1_44' title='bbox 1026 1414 1169 1500; x_wconf 85' lang='grc' dir='ltr'><strong><em>μολπαῖς</em></strong></span> 
     </span>
     <span class='ocr_line' id='line_1_10' title="bbox 228 1520 919 1614; baseline -0.001 -24"><span class='ocrx_word' id='word_1_45' title='bbox 228 1526 285 1590; x_wconf 86' lang='grc' dir='ltr'><strong><em>καὶ</em></strong></span> <span class='ocrx_word' id='word_1_46' title='bbox 307 1528 403 1610; x_wconf 75' lang='grc' dir='ltr'><strong><em>γένος</em></strong></span> <span class='ocrx_word' id='word_1_47' title='bbox 424 1520 573 1614; x_wconf 83' lang='grc' dir='ltr'><strong><em>ἀρχαίων</em></strong></span> <span class='ocrx_word' id='word_1_48' title='bbox 594 1525 736 1614; x_wconf 67' lang='grc' dir='ltr'><strong><em>ἔγραφες</em></strong></span> <span class='ocrx_word' id='word_1_49' title='bbox 758 1521 919 1611; x_wconf 74' lang='grc' dir='ltr'><strong><em>ἡμιθέων.</em></strong></span> 
     </span>
    </p>
   </div>
   <div class='ocr_carea' id='block_1_3' title="bbox 178 1683 1130 2228">
    <p class='ocr_par' dir='ltr' id='par_1_7' title="bbox 178 1683 1130 2228">
     <span class='ocr_line' id='line_1_11' title="bbox 615 1683 762 1749; baseline 0.014 -2"><span class='ocrx_word' id='word_1_50' title='bbox 615 1683 762 1749; x_wconf 88' lang='lat' dir='ltr'>XXXIV.</span> 
     </span>
     <span class='ocr_line' id='line_1_12' title="bbox 178 1795 1102 1895; baseline 0.001 -24"><span class='ocrx_word' id='word_1_51' title='bbox 178 1804 218 1871; x_wconf 86' lang='lat'><strong><em>‘0</em></strong></span> <span class='ocrx_word' id='word_1_52' title='bbox 240 1798 356 1892; x_wconf 70' lang='grc' dir='ltr'><strong><em>γλυκὺς</em></strong></span> <span class='ocrx_word' id='word_1_53' title='bbox 374 1802 534 1895; x_wconf 85' lang='grc' dir='ltr'><strong><em>Ήρίννης</em></strong></span> <span class='ocrx_word' id='word_1_54' title='bbox 556 1795 652 1883; x_wconf 86' lang='grc' dir='ltr'><strong><em>οὗτος</em></strong></span> <span class='ocrx_word' id='word_1_55' title='bbox 672 1800 789 1885; x_wconf 88' lang='grc' dir='ltr'><strong><em>πόνος,</em></strong></span> <span class='ocrx_word' id='word_1_56' title='bbox 815 1801 890 1892; x_wconf 78' lang='grc' dir='ltr'><strong><em>οτίχδ</em></strong></span> <span class='ocrx_word' id='word_1_57' title='bbox 910 1798 1012 1884; x_wconf 73' lang='grc' dir='ltr'><strong><em>πολὺς</em></strong></span> <span class='ocrx_word' id='word_1_58' title='bbox 1033 1810 1102 1891; x_wconf 74' lang='grc' dir='ltr'><strong><em>μέν,</em></strong></span> 
     </span>
     <span class='ocr_line' id='line_1_13' title="bbox 230 1911 894 2006; baseline 0 -23"><span class='ocrx_word' id='word_1_59' title='bbox 230 1915 274 1995; x_wconf 88' lang='grc' dir='ltr'><strong><em>ώς</em></strong></span> <span class='ocrx_word' id='word_1_60' title='bbox 295 1911 338 1984; x_wconf 83' lang='grc' dir='ltr'><strong><em>άν</em></strong></span> <span class='ocrx_word' id='word_1_61' title='bbox 358 1917 569 2006; x_wconf 80' lang='grc' dir='ltr'><strong><em>παρθενικάς</em></strong></span> <span class='ocrx_word' id='word_1_62' title='bbox 590 1917 894 1997; x_wconf 60' lang='grc' dir='ltr'><strong><em>ἐννεακαιδεκέτης,</em></strong></span> 
     </span>
     <span class='ocr_line' id='line_1_14' title="bbox 183 2023 1130 2118; baseline -0.001 -24"><span class='ocrx_word' id='word_1_63' title='bbox 183 2026 254 2096; x_wconf 80' lang='grc' dir='ltr'><strong><em>ἀλλ’</em></strong></span> <span class='ocrx_word' id='word_1_64' title='bbox 280 2032 399 2118; x_wconf 78' lang='grc' dir='ltr'><strong><em>ἑτέρων</em></strong></span> <span class='ocrx_word' id='word_1_65' title='bbox 419 2028 552 2096; x_wconf 80' lang='grc' dir='ltr'><strong><em>πολλῶν</em></strong></span> <span class='ocrx_word' id='word_1_66' title='bbox 574 2023 807 2115; x_wconf 78' lang='grc' dir='ltr'><strong><em>δυνατώτερος·</em></strong></span> <span class='ocrx_word' id='word_1_67' title='bbox 835 2032 863 2095; x_wconf 81' lang='grc' dir='ltr'><strong><em>εί</em></strong></span> <span class='ocrx_word' id='word_1_68' title='bbox 885 2024 916 2093; x_wconf 92' lang='grc' dir='ltr'><strong><em>δ’</em></strong></span> <span class='ocrx_word' id='word_1_69' title='bbox 938 2025 1053 2106; x_wconf 83' lang='grc' dir='ltr'><strong><em>Ἀίδας</em></strong></span> <span class='ocrx_word' id='word_1_70' title='bbox 1072 2052 1130 2115; x_wconf 93' lang='grc' dir='ltr'><strong><em>μοι</em></strong></span> 
     </span>
     <span class='ocr_line' id='line_1_15' title="bbox 228 2129 1051 2228; baseline 0 -21"><span class='ocrx_word' id='word_1_71' title='bbox 228 2135 276 2228; x_wconf 77' lang='grc' dir='ltr'><strong><em>μὴ</em></strong></span> <span class='ocrx_word' id='word_1_72' title='bbox 297 2136 398 2228; x_wconf 76' lang='grc' dir='ltr'><strong><em>τοιχός</em></strong></span> <span class='ocrx_word' id='word_1_73' title='bbox 419 2129 522 2222; x_wconf 76' lang='grc' dir='ltr'><strong><em>ἦλθε,</em></strong></span> <span class='ocrx_word' id='word_1_74' title='bbox 543 2142 594 2218; x_wconf 88' lang='grc' dir='ltr'><strong><em>τίς</em></strong></span> <span class='ocrx_word' id='word_1_75' title='bbox 616 2133 659 2206; x_wconf 82' lang='grc' dir='ltr'><strong><em>άν</em></strong></span> <span class='ocrx_word' id='word_1_76' title='bbox 681 2139 819 2206; x_wconf 81' lang='grc' dir='ltr'><strong><em>τπλίκον</em></strong></span> <span class='ocrx_word' id='word_1_77' title='bbox 840 2136 900 2227; x_wconf 69' lang='grc' dir='ltr'><strong><em>ἔσχ’</em></strong></span> <span class='ocrx_word' id='word_1_78' title='bbox 927 2131 1051 2228; x_wconf 84' lang='grc' dir='ltr'><strong><em>όνομα;</em></strong></span> 
     </span>
    </p>
   </div>
   <div class='ocr_carea' id='block_1_4' title="bbox 182 2287 1190 2824">
    <p class='ocr_par' dir='ltr' id='par_1_8' title="bbox 182 2287 1190 2824">
     <span class='ocr_line' id='line_1_16' title="bbox 623 2287 755 2352; baseline -0.015 1"><span class='ocrx_word' id='word_1_79' title='bbox 623 2287 755 2352; x_wconf 86' lang='lat' dir='ltr'>XXXV.</span> 
     </span>
     <span class='ocr_line' id='line_1_17' title="bbox 183 2391 1190 2486; baseline 0 -20"><span class='ocrx_word' id='word_1_80' title='bbox 183 2395 285 2479; x_wconf 81' lang='grc' dir='ltr'><strong><em>Λάδη</em></strong></span> <span class='ocrx_word' id='word_1_81' title='bbox 306 2401 364 2466; x_wconf 87' lang='grc' dir='ltr'><strong><em>καὶ</em></strong></span> <span class='ocrx_word' id='word_1_82' title='bbox 383 2404 478 2484; x_wconf 76' lang='grc' dir='ltr'><strong><em>γένος</em></strong></span> <span class='ocrx_word' id='word_1_83' title='bbox 501 2401 565 2484; x_wconf 87' lang='grc' dir='ltr'><strong><em>είμὶ</em></strong></span> <span class='ocrx_word' id='word_1_84' title='bbox 587 2399 643 2464; x_wconf 84' lang='grc' dir='ltr'><strong><em>καὶ</em></strong></span> <span class='ocrx_word' id='word_1_85' title='bbox 663 2391 807 2483; x_wconf 73' lang='grc' dir='ltr'><strong><em>οόνομον</em></strong></span> <span class='ocrx_word' id='word_1_86' title='bbox 828 2399 894 2465; x_wconf 81' lang='grc' dir='ltr'><strong><em>τῶν</em></strong></span> <span class='ocrx_word' id='word_1_87' title='bbox 916 2394 946 2463; x_wconf 80' lang='grc' dir='ltr'><strong><em>δ’</em></strong></span> <span class='ocrx_word' id='word_1_88' title='bbox 965 2391 1032 2465; x_wconf 82' lang='grc' dir='ltr'><strong><em>άπὸ</em></strong></span> <span class='ocrx_word' id='word_1_89' title='bbox 1054 2393 1190 2486; x_wconf 90' lang='grc' dir='ltr'><strong><em>Κόδρον</em></strong></span> 
     </span>
     <span class='ocr_line' id='line_1_18' title="bbox 229 2507 927 2599; baseline -0.001 -22"><span class='ocrx_word' id='word_1_90' title='bbox 229 2515 409 2599; x_wconf 84' lang='grc' dir='ltr'><strong><em>σεμνοτέρη</em></strong></span> <span class='ocrx_word' id='word_1_91' title='bbox 431 2510 548 2576; x_wconf 83' lang='grc' dir='ltr'><strong><em>ποισών</em></strong></span> <span class='ocrx_word' id='word_1_92' title='bbox 570 2511 635 2595; x_wconf 86' lang='grc' dir='ltr'><strong><em>είμὶ</em></strong></span> <span class='ocrx_word' id='word_1_93' title='bbox 657 2507 693 2575; x_wconf 83' lang='grc' dir='ltr'><strong><em>δι’</em></strong></span> <span class='ocrx_word' id='word_1_94' title='bbox 717 2507 927 2596; x_wconf 79' lang='grc' dir='ltr'><strong><em>Ἀντίμαχον.</em></strong></span> 
     </span>
     <span class='ocr_line' id='line_1_19' title="bbox 182 2614 1103 2710; baseline 0.001 -22"><span class='ocrx_word' id='word_1_95' title='bbox 182 2626 235 2702; x_wconf 89' lang='grc' dir='ltr'><strong><em>τίς</em></strong></span> <span class='ocrx_word' id='word_1_96' title='bbox 255 2617 320 2710; x_wconf 76' lang='grc' dir='ltr'><strong><em>γάρ</em></strong></span> <span class='ocrx_word' id='word_1_97' title='bbox 342 2620 387 2708; x_wconf 73' lang='grc' dir='ltr'><strong><em>ἔμ’</em></strong></span> <span class='ocrx_word' id='word_1_98' title='bbox 414 2619 472 2689; x_wconf 82' lang='grc' dir='ltr'><strong><em>οὐκ</em></strong></span> <span class='ocrx_word' id='word_1_99' title='bbox 493 2614 600 2705; x_wconf 74' lang='grc' dir='ltr'><strong><em>ἤεισες</em></strong></span> <span class='ocrx_word' id='word_1_100' title='bbox 622 2623 672 2699; x_wconf 88' lang='grc' dir='ltr'><strong><em>τίς</em></strong></span> <span class='ocrx_word' id='word_1_101' title='bbox 694 2619 752 2688; x_wconf 86' lang='grc' dir='ltr'><strong><em>οὐκ</em></strong></span> <span class='ocrx_word' id='word_1_102' title='bbox 774 2619 951 2703; x_wconf 71' lang='grc' dir='ltr'><strong><em>ἀνεδέξατο</em></strong></span> <span class='ocrx_word' id='word_1_103' title='bbox 973 2617 1103 2704; x_wconf 79' lang='grc' dir='ltr'><strong><em>Λάδην,</em></strong></span> 
     </span>
     <span class='ocr_line' id='line_1_20' title="bbox 228 2717 1039 2824; baseline 0 -24"><span class='ocrx_word' id='word_1_104' title='bbox 228 2731 267 2802; x_wconf 88' lang='grc' dir='ltr'><strong><em>τό</em></strong></span> <span class='ocrx_word' id='word_1_105' title='bbox 291 2717 390 2816; x_wconf 75' lang='grc' dir='ltr'><strong><em>ξυνόν</em></strong></span> <span class='ocrx_word' id='word_1_106' title='bbox 412 2734 561 2800; x_wconf 77' lang='grc' dir='ltr'><strong><em>Μουσῶν</em></strong></span> <span class='ocrx_word' id='word_1_107' title='bbox 581 2729 721 2824; x_wconf 77' lang='grc' dir='ltr'><strong><em>γράμμα</em></strong></span> <span class='ocrx_word' id='word_1_108' title='bbox 747 2737 804 2801; x_wconf 81' lang='grc' dir='ltr'><strong><em>καὶ</em></strong></span> <span class='ocrx_word' id='word_1_109' title='bbox 822 2729 1039 2820; x_wconf 73' lang='grc' dir='ltr'><strong><em>Ἀντιμάχονς</em></strong></span> 
     </span>
    </p>
   </div>
   <div class='ocr_carea' id='block_1_5' title="bbox 180 2891 1221 3652">
    <p class='ocr_par' dir='ltr' id='par_1_9' title="bbox 180 2891 1221 3652">
     <span class='ocr_line' id='line_1_21' title="bbox 615 2891 762 2958; baseline -0.007 0"><span class='ocrx_word' id='word_1_110' title='bbox 615 2891 762 2958; x_wconf 85' lang='lat' dir='ltr'>XXXVI.</span> 
     </span>
     <span class='ocr_line' id='line_1_22' title="bbox 180 2996 1061 3094; baseline 0 -24"><span class='ocrx_word' id='word_1_111' title='bbox 180 2999 234 3070; x_wconf 81' lang='grc' dir='ltr'><strong><em>Ἰώ</em></strong></span> <span class='ocrx_word' id='word_1_112' title='bbox 257 3008 434 3094; x_wconf 86' lang='grc' dir='ltr'><strong><em>πορίρπιιν</em></strong></span> <span class='ocrx_word' id='word_1_113' title='bbox 454 3001 587 3093; x_wconf 87' lang='grc' dir='ltr'><strong><em>μικρόν,</em></strong></span> <span class='ocrx_word' id='word_1_114' title='bbox 610 3003 639 3070; x_wconf 82' lang='grc' dir='ltr'><strong><em>εί</em></strong></span> <span class='ocrx_word' id='word_1_115' title='bbox 658 3028 691 3070; x_wconf 93' lang='grc' dir='ltr'><strong><em>τι</em></strong></span> <span class='ocrx_word' id='word_1_116' title='bbox 711 3001 895 3090; x_wconf 77' lang='grc' dir='ltr'><strong><em>κάγκονεῖς,</em></strong></span> <span class='ocrx_word' id='word_1_117' title='bbox 918 2996 1061 3070; x_wconf 86' lang='grc' dir='ltr'><strong><em>άκονσον</em></strong></span> 
     </span>
     <span class='ocr_line' id='line_1_23' title="bbox 386 3109 988 3206; baseline -0.003 -23"><span class='ocrx_word' id='word_1_118' title='bbox 386 3110 428 3183; x_wconf 84' lang='grc' dir='ltr'><strong><em>τά</em></strong></span> <span class='ocrx_word' id='word_1_119' title='bbox 451 3111 601 3206; x_wconf 84' lang='grc' dir='ltr'><strong><em>Βότρυος</em></strong></span> <span class='ocrx_word' id='word_1_120' title='bbox 625 3109 767 3204; x_wconf 86' lang='grc' dir='ltr'><strong><em>περισσά</em></strong></span> <span class='ocrx_word' id='word_1_121' title='bbox 789 3117 874 3197; x_wconf 84' lang='grc' dir='ltr'><strong><em>δῆτα</em></strong></span> <span class='ocrx_word' id='word_1_122' title='bbox 895 3110 988 3196; x_wconf 83' lang='grc' dir='ltr'><strong><em>κήδη,</em></strong></span> 
     </span>
     <span class='ocr_line' id='line_1_24' title="bbox 184 3221 1093 3316; baseline -0.002 -22"><span class='ocrx_word' id='word_1_123' title='bbox 184 3224 223 3307; x_wconf 83' lang='grc' dir='ltr'><strong><em>ὃς</em></strong></span> <span class='ocrx_word' id='word_1_124' title='bbox 244 3228 387 3312; x_wconf 77' lang='grc' dir='ltr'><strong><em>πρέσβος</em></strong></span> <span class='ocrx_word' id='word_1_125' title='bbox 409 3223 580 3314; x_wconf 73' lang='grc' dir='ltr'><strong><em>ὀγδώκοντ’</em></strong></span> <span class='ocrx_word' id='word_1_126' title='bbox 606 3229 689 3296; x_wconf 79' lang='grc' dir='ltr'><strong><em>ἐτῶν</em></strong></span> <span class='ocrx_word' id='word_1_127' title='bbox 710 3221 770 3294; x_wconf 84' lang='grc' dir='ltr'><strong><em>τὸν</em></strong></span> <span class='ocrx_word' id='word_1_128' title='bbox 791 3232 826 3294; x_wconf 81' lang='grc' dir='ltr'><strong><em>ἐκ</em></strong></span> <span class='ocrx_word' id='word_1_129' title='bbox 848 3230 930 3292; x_wconf 81' lang='grc' dir='ltr'><strong><em>νέων</em></strong></span> <span class='ocrx_word' id='word_1_130' title='bbox 951 3226 1093 3316; x_wconf 68' lang='grc' dir='ltr'><strong><em>ἔδαψεν,</em></strong></span> 
     </span>
     <span class='ocr_line' id='line_1_25' title="bbox 383 3331 1004 3432; baseline -0.003 -28"><span class='ocrx_word' id='word_1_131' title='bbox 383 3331 448 3420; x_wconf 79' lang='grc' dir='ltr'><strong><em>ἤδη</em></strong></span> <span class='ocrx_word' id='word_1_132' title='bbox 471 3363 504 3404; x_wconf 91' lang='grc' dir='ltr'><strong><em>τι</em></strong></span> <span class='ocrx_word' id='word_1_133' title='bbox 524 3343 623 3426; x_wconf 75' lang='grc' dir='ltr'><strong><em>τέχνᾳ</em></strong></span> <span class='ocrx_word' id='word_1_134' title='bbox 645 3343 702 3407; x_wconf 86' lang='grc' dir='ltr'><strong><em>καὶ</em></strong></span> <span class='ocrx_word' id='word_1_135' title='bbox 724 3333 834 3432; x_wconf 85' lang='grc' dir='ltr'><strong><em>σοφὸν</em></strong></span> <span class='ocrx_word' id='word_1_136' title='bbox 855 3339 1004 3424; x_wconf 69' lang='grc' dir='ltr'><strong><em>λέγοντα.</em></strong></span> 
     </span>
     <span class='ocr_line' id='line_1_26' title="bbox 182 3445 1221 3543; baseline -0.003 -25"><span class='ocrx_word' id='word_1_137' title='bbox 182 3453 248 3543; x_wconf 82' lang='grc' dir='ltr'><strong><em>φεῦ</em></strong></span> <span class='ocrx_word' id='word_1_138' title='bbox 269 3445 328 3518; x_wconf 83' lang='grc' dir='ltr'><strong><em>τόν</em></strong></span> <span class='ocrx_word' id='word_1_139' title='bbox 349 3445 501 3530; x_wconf 85' lang='grc' dir='ltr'><strong><em>τεκόντα,</em></strong></span> <span class='ocrx_word' id='word_1_140' title='bbox 530 3455 595 3543; x_wconf 87' lang='grc' dir='ltr'><strong><em>φεῦ</em></strong></span> <span class='ocrx_word' id='word_1_141' title='bbox 616 3453 651 3518; x_wconf 77' lang='grc' dir='ltr'><strong><em>δὲ</em></strong></span> <span class='ocrx_word' id='word_1_142' title='bbox 672 3453 729 3518; x_wconf 83' lang='grc' dir='ltr'><strong><em>καί</em></strong></span> <span class='ocrx_word' id='word_1_143' title='bbox 751 3455 802 3530; x_wconf 79' lang='grc' dir='ltr'><strong><em>σί,</em></strong></span> <span class='ocrx_word' id='word_1_144' title='bbox 823 3445 975 3533; x_wconf 90' lang='grc' dir='ltr'><strong><em>Βότρυος</em></strong></span> <span class='ocrx_word' id='word_1_145' title='bbox 998 3450 1097 3540; x_wconf 83' lang='grc' dir='ltr'><strong><em>φίλος</em></strong></span> <span class='ocrx_word' id='word_1_146' title='bbox 1118 3457 1187 3530; x_wconf 83' lang='grc' dir='ltr'><strong><em>παῖ,</em></strong></span> <span class='ocrx_word' id='word_1_147' title='bbox 1219 3468 1221 3472; x_wconf 89' lang='grc'><em>·</em></span> 
     </span>
     <span class='ocr_line' id='line_1_27' title="bbox 384 3556 944 3652; baseline -0.007 -22"><span class='ocrx_word' id='word_1_148' title='bbox 384 3557 472 3630; x_wconf 87' lang='grc' dir='ltr'><strong><em>όοων</em></strong></span> <span class='ocrx_word' id='word_1_149' title='bbox 493 3557 633 3652; x_wconf 86' lang='grc' dir='ltr'><strong><em>άμοιρος</em></strong></span> <span class='ocrx_word' id='word_1_150' title='bbox 654 3560 784 3644; x_wconf 80' lang='grc' dir='ltr'><strong><em>ἡδονῶν</em></strong></span> <span class='ocrx_word' id='word_1_151' title='bbox 806 3556 944 3628; x_wconf 82' lang='grc' dir='ltr'><strong><em>ἀπώλεο.</em></strong></span> 
     </span>
    </p>
   </div>
   <div class='ocr_carea' id='block_1_6' title="bbox 181 3814 1187 4062">
    <p class='ocr_par' dir='ltr' id='par_1_10' title="bbox 181 3814 1187 4062">
     <span class='ocr_line' id='line_1_28' title="bbox 253 3814 1187 3893; baseline -0.002 -19"><span class='ocrx_word' id='word_1_152' title='bbox 253 3814 378 3874; x_wconf 81' lang='lat' dir='ltr'>XXXIII.</span> <span class='ocrx_word' id='word_1_153' title='bbox 402 3815 457 3872; x_wconf 87' lang='lat' dir='ltr'>Pal.</span> <span class='ocrx_word' id='word_1_154' title='bbox 477 3817 529 3886; x_wconf 86' lang='lat' dir='ltr'><strong><em>IX,</em></strong></span> <span class='ocrx_word' id='word_1_155' title='bbox 547 3820 591 3874; x_wconf 83' lang='grc'><strong><em>64.</em></strong></span> <span class='ocrx_word' id='word_1_156' title='bbox 618 3816 696 3876; x_wconf 82' lang='lat' dir='ltr'><strong>Vs.3</strong></span> <span class='ocrx_word' id='word_1_157' title='bbox 715 3816 777 3875; x_wconf 81' lang='lat' dir='ltr'><strong>fort.</strong></span> <span class='ocrx_word' id='word_1_158' title='bbox 794 3823 853 3893; x_wconf 84' lang='grc' dir='ltr'><strong><em>χερὶ</em></strong></span> <span class='ocrx_word' id='word_1_159' title='bbox 870 3836 931 3874; x_wconf 87' lang='lat' dir='ltr'><strong><em>cum</em></strong></span> <span class='ocrx_word' id='word_1_160' title='bbox 947 3814 1082 3872; x_wconf 79' lang='lat' dir='ltr'>Iacobsio.</span> <span class='ocrx_word' id='word_1_161' title='bbox 1108 3815 1187 3873; x_wconf 63' lang='lat' dir='ltr'><strong><em>VM</em></strong></span> 
     </span>
     <span class='ocr_line' id='line_1_29' title="bbox 181 3901 1187 3978; baseline -0.003 -19"><span class='ocrx_word' id='word_1_162' title='bbox 181 3901 316 3978; x_wconf 74' lang='grc' dir='ltr'><strong><em>άκρίμονα</em></strong></span> <span class='ocrx_word' id='word_1_163' title='bbox 336 3935 366 3946; x_wconf 92' lang='lat'><strong><em>·-</em></strong></span> <span class='ocrx_word' id='word_1_164' title='bbox 386 3903 513 3962; x_wconf 85' lang='lat' dir='ltr'>XXXIV.</span> <span class='ocrx_word' id='word_1_165' title='bbox 531 3902 587 3961; x_wconf 76' lang='lat' dir='ltr'>Pal.</span> <span class='ocrx_word' id='word_1_166' title='bbox 601 3903 659 3974; x_wconf 80' lang='lat' dir='ltr'>VII,</span> <span class='ocrx_word' id='word_1_167' title='bbox 678 3907 720 3962; x_wconf 90' lang='lat' dir='ltr'><strong><em>ll.</em></strong></span> <span class='ocrx_word' id='word_1_168' title='bbox 740 3937 773 3948; x_wconf 89' lang='lat'>-</span> <span class='ocrx_word' id='word_1_169' title='bbox 792 3901 908 3960; x_wconf 82' lang='lat' dir='ltr'>XXXV.</span> <span class='ocrx_word' id='word_1_170' title='bbox 926 3901 982 3958; x_wconf 77' lang='lat' dir='ltr'><strong>Pal.</strong></span> <span class='ocrx_word' id='word_1_171' title='bbox 995 3902 1043 3970; x_wconf 83' lang='lat' dir='ltr'><strong><em>IX,</em></strong></span> <span class='ocrx_word' id='word_1_172' title='bbox 1056 3905 1093 3960; x_wconf 81' lang='grc'><strong><em>63</em></strong></span> <span class='ocrx_word' id='word_1_173' title='bbox 1109 3901 1187 3960; x_wconf 64' lang='lat' dir='ltr'><strong><em>VM</em></strong></span> 
     </span>
     <span class='ocr_line' id='line_1_30' title="bbox 182 3985 1186 4062; baseline -0.003 -17"><span class='ocrx_word' id='word_1_174' title='bbox 182 3990 331 4046; x_wconf 75' lang='grc' dir='ltr'><strong><em>Μονσίοινί</em></strong></span> <span class='ocrx_word' id='word_1_175' title='bbox 350 4021 382 4033; x_wconf 93' lang='grc'><strong>-</strong></span> <span class='ocrx_word' id='word_1_176' title='bbox 401 3987 507 4047; x_wconf 84' lang='lat' dir='ltr'>XXXV</span> <span class='ocrx_word' id='word_1_177' title='bbox 509 3989 528 4046; x_wconf 86' lang='lat' dir='ltr'><strong><em>I.</em></strong></span> <span class='ocrx_word' id='word_1_178' title='bbox 546 3988 604 4046; x_wconf 85' lang='lat' dir='ltr'>Pal.</span> <span class='ocrx_word' id='word_1_179' title='bbox 617 3990 691 4062; x_wconf 78' lang='lat' dir='ltr'><strong><em>Xffl,</em></strong></span> <span class='ocrx_word' id='word_1_180' title='bbox 708 3995 751 4050; x_wconf 80' lang='lat'><strong><em>23.</em></strong></span> <span class='ocrx_word' id='word_1_181' title='bbox 770 3989 818 4048; x_wconf 80' lang='lat' dir='ltr'><strong><em>Vs.</em></strong></span> <span class='ocrx_word' id='word_1_182' title='bbox 833 3993 846 4046; x_wconf 96' lang='lat' dir='ltr'>I</span> <span class='ocrx_word' id='word_1_183' title='bbox 868 3995 912 4047; x_wconf 77' lang='grc' dir='ltr'><strong><em>καὶ</em></strong></span> <span class='ocrx_word' id='word_1_184' title='bbox 929 3999 1013 4052; x_wconf 81' lang='grc' dir='ltr'><strong><em>κονεῖς</em></strong></span> <span class='ocrx_word' id='word_1_185' title='bbox 1030 3987 1109 4046; x_wconf 81' lang='lat' dir='ltr'><strong>Vs.3</strong></span> <span class='ocrx_word' id='word_1_186' title='bbox 1124 3985 1186 4042; x_wconf 79' lang='lat' dir='ltr'><strong>fort.</strong></span> 
     </span>
    </p>
   </div>
   <div class='ocr_carea' id='block_1_7' title="bbox 181 4076 336 4131">
    <p class='ocr_par' dir='ltr' id='par_1_11' title="bbox 181 4076 336 4131">
     <span class='ocr_line' id='line_1_31' title="bbox 181 4076 336 4131; baseline 0.013 -2"><span class='ocrx_word' id='word_1_187' title='bbox 181 4076 231 4131; x_wconf 83' lang='grc' dir='ltr'><strong><em>τὸν</em></strong></span> <span class='ocrx_word' id='word_1_188' title='bbox 249 4082 336 4131; x_wconf 69' lang='grc' dir='ltr'><strong><em>ἐντέων</em></strong></span> 
     </span>
    </p>
   </div>
   <div class='ocr_carea' id='block_1_8' title="bbox 0 0 1512 4808">
    <p class='ocr_par' dir='ltr' id='par_1_12' title="bbox 0 0 1512 4808">
     <span class='ocr_line' id='line_1_32' title="bbox 0 0 1512 4808; baseline 0 1"><span class='ocrx_word' id='word_1_189' title='bbox 0 0 1512 4808; x_wconf 95' lang='lat' dir='ltr'><strong><em> </em></strong></span> 
     </span>
    </p>
   </div>
  </div>
 </body>
</html>
