<?xml version="1.0" encoding="UTF-8"?>
<!DOCTYPE html PUBLIC "-//W3C//DTD XHTML 1.0 Transitional//EN"
    "http://www.w3.org/TR/xhtml1/DTD/xhtml1-transitional.dtd">
<html xmlns="http://www.w3.org/1999/xhtml" xml:lang="en" lang="en">
 <head>
  <title>
</title>
<meta http-equiv="Content-Type" content="text/html;charset=utf-8" />
  <meta name='ocr-system' content='tesseract 3.04.00' />
  <meta name='ocr-capabilities' content='ocr_page ocr_carea ocr_par ocr_line ocrx_word'/>
</head>
<body>
  <div class='ocr_page' id='page_1' title='image "./delectuspoetaru00meingoog_0138.png"; bbox 0 0 3026 4816; ppageno 0'>
   <div class='ocr_carea' id='block_1_1' title="bbox 422 444 1166 508">
    <p class='ocr_par' dir='ltr' id='par_1_1' title="bbox 422 444 1166 508">
     <span class='ocr_line' id='line_1_1' title="bbox 422 444 1166 508; baseline 0.007 -6"><span class='ocrx_word' id='word_1_1' title='bbox 422 444 684 505; x_wconf 76' lang='lat' dir='ltr'><strong>Annomlo</strong></span> <span class='ocrx_word' id='word_1_2' title='bbox 708 444 893 506; x_wconf 72' lang='lat' dir='ltr'><strong>cnlrlcn.</strong></span> <span class='ocrx_word' id='word_1_3' title='bbox 1112 452 1166 508; x_wconf 84' lang='lat' dir='ltr'><strong>lla</strong></span> 
     </span>
    </p>
   </div>
   <div class='ocr_carea' id='block_1_2' title="bbox 18 592 1165 686">
    <p class='ocr_par' dir='ltr' id='par_1_2' title="bbox 18 592 1165 686">
     <span class='ocr_line' id='line_1_2' title="bbox 18 592 1165 686; baseline 0.001 -20"><span class='ocrx_word' id='word_1_4' title='bbox 18 629 19 632; x_wconf 41' lang='lat'>¹</span> <span class='ocrx_word' id='word_1_5' title='bbox 155 599 354 678; x_wconf 76' lang='lat' dir='ltr'><strong>sententiam,</strong></span> <span class='ocrx_word' id='word_1_6' title='bbox 376 598 440 662; x_wconf 90' lang='lat' dir='ltr'><strong>nisi</strong></span> <span class='ocrx_word' id='word_1_7' title='bbox 457 596 544 685; x_wconf 91' lang='lat' dir='ltr'><strong>quod</strong></span> <span class='ocrx_word' id='word_1_8' title='bbox 566 596 684 663; x_wconf 90' lang='lat' dir='ltr'><strong>malim:</strong></span> <span class='ocrx_word' id='word_1_9' title='bbox 707 592 767 664; x_wconf 83' lang='grc' dir='ltr'><strong>τόν</strong></span> <span class='ocrx_word' id='word_1_10' title='bbox 787 621 822 664; x_wconf 83' lang='grc' dir='ltr'><strong>τε</strong></span> <span class='ocrx_word' id='word_1_11' title='bbox 843 593 951 686; x_wconf 78' lang='grc' dir='ltr'><strong><em>νομὴν</em></strong></span> <span class='ocrx_word' id='word_1_12' title='bbox 968 601 1025 668; x_wconf 74' lang='grc' dir='ltr'><strong>καὶ</strong></span> <span class='ocrx_word' id='word_1_13' title='bbox 1039 601 1165 668; x_wconf 73' lang='grc' dir='ltr'><strong><em>ἔπαυλα</em></strong></span> 
     </span>
    </p>
   </div>
   <div class='ocr_carea' id='block_1_3' title="bbox 154 708 1252 2256">
    <p class='ocr_par' dir='ltr' id='par_1_3' title="bbox 154 708 1252 2256">
     <span class='ocr_line' id='line_1_3' title="bbox 154 708 1165 799; baseline 0.001 -21"><span class='ocrx_word' id='word_1_14' title='bbox 154 711 259 796; x_wconf 79' lang='grc' dir='ltr'><em>βοῶν,</em></span> <span class='ocrx_word' id='word_1_15' title='bbox 287 711 352 777; x_wconf 90' lang='lat' dir='ltr'><strong>hoc</strong></span> <span class='ocrx_word' id='word_1_16' title='bbox 380 729 479 774; x_wconf 88' lang='lat' dir='ltr'><strong>sensu</strong></span> <span class='ocrx_word' id='word_1_17' title='bbox 507 719 543 775; x_wconf 91' lang='lat' dir='ltr'><strong>ut</strong></span> <span class='ocrx_word' id='word_1_18' title='bbox 564 708 659 797; x_wconf 87' lang='lat' dir='ltr'><strong>lupus</strong></span> <span class='ocrx_word' id='word_1_19' title='bbox 689 713 838 775; x_wconf 87' lang='lat' dir='ltr'><strong>armentis</strong></span> <span class='ocrx_word' id='word_1_20' title='bbox 867 720 901 776; x_wconf 91' lang='lat' dir='ltr'><strong>et</strong></span> <span class='ocrx_word' id='word_1_21' title='bbox 925 714 959 776; x_wconf 93' lang='lat' dir='ltr'><strong>in</strong></span> <span class='ocrx_word' id='word_1_22' title='bbox 981 715 1109 799; x_wconf 88' lang='lat' dir='ltr'><strong>pascuis</strong></span> <span class='ocrx_word' id='word_1_23' title='bbox 1131 723 1165 792; x_wconf 89' lang='lat' dir='ltr'><strong>et</strong></span> 
     </span>
     <span class='ocr_line' id='line_1_4' title="bbox 155 815 1165 909; baseline 0.003 -22"><span class='ocrx_word' id='word_1_24' title='bbox 155 825 190 887; x_wconf 89' lang='lat' dir='ltr'><strong>in</strong></span> <span class='ocrx_word' id='word_1_25' title='bbox 212 821 344 887; x_wconf 88' lang='lat' dir='ltr'><strong>stabulis</strong></span> <span class='ocrx_word' id='word_1_26' title='bbox 368 820 535 886; x_wconf 83' lang='lat' dir='ltr'><strong>insidiatus</strong></span> <span class='ocrx_word' id='word_1_27' title='bbox 559 842 630 886; x_wconf 84' lang='lat' dir='ltr'><strong>csse</strong></span> <span class='ocrx_word' id='word_1_28' title='bbox 659 818 790 886; x_wconf 87' lang='lat' dir='ltr'><strong>dicatur.</strong></span> <span class='ocrx_word' id='word_1_29' title='bbox 842 823 891 889; x_wconf 88' lang='lat' dir='ltr'><strong>Ita</strong></span> <span class='ocrx_word' id='word_1_30' title='bbox 912 815 1020 908; x_wconf 71' lang='grc' dir='ltr'><em>νομὰς</em></span> <span class='ocrx_word' id='word_1_31' title='bbox 1040 823 1165 909; x_wconf 80' lang='grc' dir='ltr'><em>βοσκη-</em></span> 
     </span>
     <span class='ocr_line' id='line_1_5' title="bbox 154 927 1162 1020; baseline 0.003 -23"><span class='ocrx_word' id='word_1_32' title='bbox 154 927 270 1020; x_wconf 82' lang='grc' dir='ltr'><em>μάτων</em></span> <span class='ocrx_word' id='word_1_33' title='bbox 292 931 334 999; x_wconf 88' lang='lat' dir='ltr'><strong>de</strong></span> <span class='ocrx_word' id='word_1_34' title='bbox 356 932 562 1019; x_wconf 88' lang='lat' dir='ltr'><strong>pascentibus</strong></span> <span class='ocrx_word' id='word_1_35' title='bbox 585 936 734 998; x_wconf 87' lang='lat' dir='ltr'><strong>armentis</strong></span> <span class='ocrx_word' id='word_1_36' title='bbox 758 931 836 999; x_wconf 80' lang='lat' dir='ltr'><strong>dixit</strong></span> <span class='ocrx_word' id='word_1_37' title='bbox 855 934 1042 1020; x_wconf 84' lang='lat' dir='ltr'><strong>Xenophon</strong></span> <span class='ocrx_word' id='word_1_38' title='bbox 1059 933 1162 1000; x_wconf 80' lang='lat' dir='ltr'><strong>Anab.</strong></span> 
     </span>
     <span class='ocr_line' id='line_1_6' title="bbox 155 1041 1162 1125; baseline 0.002 -15"><span class='ocrx_word' id='word_1_39' title='bbox 155 1045 215 1125; x_wconf 91' lang='lat'>111,</span> <span class='ocrx_word' id='word_1_40' title='bbox 238 1047 273 1124; x_wconf 84' lang='lat'><strong>5,</strong></span> <span class='ocrx_word' id='word_1_41' title='bbox 295 1047 326 1110; x_wconf 78' lang='lat'><strong>2.</strong></span> <span class='ocrx_word' id='word_1_42' title='bbox 379 1045 483 1109; x_wconf 83' lang='lat' dir='ltr'>Ferae</span> <span class='ocrx_word' id='word_1_43' title='bbox 511 1064 631 1109; x_wconf 91' lang='lat' dir='ltr'><strong>nomen</strong></span> <span class='ocrx_word' id='word_1_44' title='bbox 657 1052 693 1109; x_wconf 91' lang='lat' dir='ltr'><strong>ut</strong></span> <span class='ocrx_word' id='word_1_45' title='bbox 723 1041 865 1109; x_wconf 80' lang='lat' dir='ltr'><strong>disertIm</strong></span> <span class='ocrx_word' id='word_1_46' title='bbox 893 1043 1066 1111; x_wconf 84' lang='lat' dir='ltr'>adderetur</span> <span class='ocrx_word' id='word_1_47' title='bbox 1094 1068 1162 1112; x_wconf 94' lang='lat' dir='ltr'><strong>non</strong></span> 
     </span>
     <span class='ocr_line' id='line_1_7' title="bbox 156 1154 1163 1242; baseline 0.003 -21"><span class='ocrx_word' id='word_1_48' title='bbox 156 1157 371 1222; x_wconf 87' lang='lat' dir='ltr'><strong>necessarium</strong></span> <span class='ocrx_word' id='word_1_49' title='bbox 394 1165 476 1236; x_wconf 85' lang='lat' dir='ltr'><strong>erat,</strong></span> <span class='ocrx_word' id='word_1_50' title='bbox 505 1157 655 1242; x_wconf 91' lang='lat' dir='ltr'><strong>quoniam</strong></span> <span class='ocrx_word' id='word_1_51' title='bbox 678 1177 806 1220; x_wconf 91' lang='lat' dir='ltr'><strong>carmen</strong></span> <span class='ocrx_word' id='word_1_52' title='bbox 831 1155 896 1223; x_wconf 90' lang='lat' dir='ltr'><strong>hoc</strong></span> <span class='ocrx_word' id='word_1_53' title='bbox 917 1154 1026 1222; x_wconf 88' lang='lat' dir='ltr'><strong>arbori</strong></span> <span class='ocrx_word' id='word_1_54' title='bbox 1046 1157 1163 1224; x_wconf 86' lang='lat' dir='ltr'><strong>inscul-</strong></span> 
     </span>
     <span class='ocr_line' id='line_1_8' title="bbox 156 1265 1121 1356; baseline 0.001 -23"><span class='ocrx_word' id='word_1_55' title='bbox 156 1276 244 1354; x_wconf 88' lang='lat' dir='ltr'><strong>ptum</strong></span> <span class='ocrx_word' id='word_1_56' title='bbox 265 1267 411 1356; x_wconf 84' lang='lat' dir='ltr'><strong>fingitur,</strong></span> <span class='ocrx_word' id='word_1_57' title='bbox 435 1289 473 1332; x_wconf 85' lang='lat' dir='ltr'><strong>er</strong></span> <span class='ocrx_word' id='word_1_58' title='bbox 496 1288 558 1352; x_wconf 92' lang='lat' dir='ltr'><strong>qua</strong></span> <span class='ocrx_word' id='word_1_59' title='bbox 580 1265 649 1353; x_wconf 91' lang='lat' dir='ltr'><strong>lupi</strong></span> <span class='ocrx_word' id='word_1_60' title='bbox 672 1269 804 1332; x_wconf 84' lang='lat' dir='ltr'><strong>exuviae</strong></span> <span class='ocrx_word' id='word_1_61' title='bbox 826 1288 1000 1355; x_wconf 86' lang='lat' dir='ltr'><strong>suspensae</strong></span> <span class='ocrx_word' id='word_1_62' title='bbox 1024 1279 1121 1335; x_wconf 81' lang='lat' dir='ltr'><strong>erant</strong></span> 
     </span>
     <span class='ocr_line' id='line_1_9' title="bbox 243 1377 1162 1466; baseline 0.002 -22"><span class='ocrx_word' id='word_1_63' title='bbox 243 1379 315 1444; x_wconf 85' lang='lat' dir='ltr'>VII.</span> <span class='ocrx_word' id='word_1_64' title='bbox 351 1379 448 1442; x_wconf 79' lang='lat' dir='ltr'><strong>Vsl</strong></span> <span class='ocrx_word' id='word_1_65' title='bbox 471 1378 641 1466; x_wconf 79' lang='lat' dir='ltr'><strong>legebatur</strong></span> <span class='ocrx_word' id='word_1_66' title='bbox 662 1380 846 1463; x_wconf 81' lang='grc' dir='ltr'><strong><em>πυρκαίεος.</em></strong></span> <span class='ocrx_word' id='word_1_67' title='bbox 879 1380 938 1444; x_wconf 83' lang='lat' dir='ltr'><strong>Vs.</strong></span> <span class='ocrx_word' id='word_1_68' title='bbox 955 1381 975 1445; x_wconf 86' lang='grc'><strong>4</strong></span> <span class='ocrx_word' id='word_1_69' title='bbox 998 1384 1064 1457; x_wconf 66' lang='grc' dir='ltr'><strong>κείς</strong></span> <span class='ocrx_word' id='word_1_70' title='bbox 1084 1377 1162 1465; x_wconf 78' lang='grc' dir='ltr'><em>ὑμέ-</em></span> 
     </span>
     <span class='ocr_line' id='line_1_10' title="bbox 154 1479 1252 1578; baseline -0.001 -20"><span class='ocrx_word' id='word_1_71' title='bbox 154 1513 251 1558; x_wconf 83' lang='grc' dir='ltr'><em>ναιον</em></span> <span class='ocrx_word' id='word_1_72' title='bbox 273 1494 338 1567; x_wconf 66' lang='grc' dir='ltr'><strong>κείς</strong></span> <span class='ocrx_word' id='word_1_73' title='bbox 358 1479 469 1575; x_wconf 75' lang='grc' dir='ltr'><em>γάμον</em></span> <span class='ocrx_word' id='word_1_74' title='bbox 491 1483 660 1576; x_wconf 77' lang='grc' dir='ltr'><em>ἁβρύναις.</em></span> <span class='ocrx_word' id='word_1_75' title='bbox 697 1489 812 1555; x_wconf 89' lang='lat' dir='ltr'><strong>Parum</strong></span> <span class='ocrx_word' id='word_1_76' title='bbox 835 1499 944 1578; x_wconf 91' lang='lat' dir='ltr'><strong>aptum</strong></span> <span class='ocrx_word' id='word_1_77' title='bbox 965 1490 997 1555; x_wconf 88' lang='lat' dir='ltr'><strong>h.</strong></span> <span class='ocrx_word' id='word_1_78' title='bbox 1013 1490 1034 1554; x_wconf 90' lang='lat'><strong>1.</strong></span> <span class='ocrx_word' id='word_1_79' title='bbox 1057 1486 1162 1577; x_wconf 79' lang='grc' dir='ltr'><em>ἁβρύ-</em></span> <span class='ocrx_word' id='word_1_80' title='bbox 1249 1507 1252 1512; x_wconf 87' lang='grc'><strong>’</strong></span> 
     </span>
     <span class='ocr_line' id='line_1_11' title="bbox 154 1599 1162 1690; baseline -0.002 -21"><span class='ocrx_word' id='word_1_81' title='bbox 154 1625 236 1682; x_wconf 85' lang='grc' dir='ltr'><strong><em>νειν,</em></strong></span> <span class='ocrx_word' id='word_1_82' title='bbox 266 1600 353 1689; x_wconf 91' lang='lat' dir='ltr'><strong>quod</strong></span> <span class='ocrx_word' id='word_1_83' title='bbox 382 1599 543 1689; x_wconf 81' lang='lat' dir='ltr'><strong>significat</strong></span> <span class='ocrx_word' id='word_1_84' title='bbox 569 1621 731 1680; x_wconf 87' lang='lat' dir='ltr'><strong>ornare,</strong></span> <span class='ocrx_word' id='word_1_85' title='bbox 767 1600 933 1667; x_wconf 89' lang='lat' dir='ltr'><strong>deliciis</strong></span> <span class='ocrx_word' id='word_1_86' title='bbox 960 1601 1162 1690; x_wconf 85' lang='lat' dir='ltr'><strong>frangere.</strong></span> 
     </span>
     <span class='ocr_line' id='line_1_12' title="bbox 155 1706 1162 1803; baseline 0 -24"><span class='ocrx_word' id='word_1_87' title='bbox 155 1713 344 1803; x_wconf 83' lang='lat' dir='ltr'><strong>Legendum</strong></span> <span class='ocrx_word' id='word_1_88' title='bbox 364 1711 493 1778; x_wconf 84' lang='lat' dir='ltr'><strong>videtur</strong></span> <span class='ocrx_word' id='word_1_89' title='bbox 522 1706 693 1800; x_wconf 79' lang='grc' dir='ltr'><strong><em>ἁδρύναις,</em></strong></span> <span class='ocrx_word' id='word_1_90' title='bbox 722 1711 850 1779; x_wconf 90' lang='lat' dir='ltr'><strong>facias</strong></span> <span class='ocrx_word' id='word_1_91' title='bbox 880 1723 922 1780; x_wconf 93' lang='lat' dir='ltr'><strong>ut</strong></span> <span class='ocrx_word' id='word_1_92' title='bbox 950 1711 1162 1779; x_wconf 89' lang='lat' dir='ltr'><strong>adolescat</strong></span> 
     </span>
     <span class='ocr_line' id='line_1_13' title="bbox 154 1823 1162 1913; baseline -0.001 -22"><span class='ocrx_word' id='word_1_93' title='bbox 154 1823 340 1913; x_wconf 87' lang='lat' dir='ltr'><strong>puellula</strong></span> <span class='ocrx_word' id='word_1_94' title='bbox 363 1833 403 1890; x_wconf 88' lang='lat' dir='ltr'><strong>ct</strong></span> <span class='ocrx_word' id='word_1_95' title='bbox 425 1823 473 1890; x_wconf 93' lang='lat' dir='ltr'><strong>ad</strong></span> <span class='ocrx_word' id='word_1_96' title='bbox 495 1826 658 1909; x_wconf 84' lang='lat' dir='ltr'><strong>nuptias</strong></span> <span class='ocrx_word' id='word_1_97' title='bbox 680 1833 932 1891; x_wconf 85' lang='lat' dir='ltr'><strong>maturescat.</strong></span> <span class='ocrx_word' id='word_1_98' title='bbox 970 1823 1071 1910; x_wconf 85' lang='lat' dir='ltr'><strong>Quod</strong></span> <span class='ocrx_word' id='word_1_99' title='bbox 1092 1847 1162 1892; x_wconf 84' lang='lat' dir='ltr'><strong>vcr-</strong></span> 
     </span>
     <span class='ocr_line' id='line_1_14' title="bbox 155 1933 1162 2024; baseline 0 -21"><span class='ocrx_word' id='word_1_100' title='bbox 155 1938 230 2004; x_wconf 92' lang='lat' dir='ltr'><strong>bum</strong></span> <span class='ocrx_word' id='word_1_101' title='bbox 256 1959 351 2024; x_wconf 91' lang='lat' dir='ltr'><strong>quum</strong></span> <span class='ocrx_word' id='word_1_102' title='bbox 371 1937 504 2024; x_wconf 87' lang='lat' dir='ltr'><strong>proprie</strong></span> <span class='ocrx_word' id='word_1_103' title='bbox 526 1933 568 2000; x_wconf 91' lang='lat' dir='ltr'><strong>de</strong></span> <span class='ocrx_word' id='word_1_104' title='bbox 590 1935 737 2024; x_wconf 83' lang='lat' dir='ltr'><strong>frugibus</strong></span> <span class='ocrx_word' id='word_1_105' title='bbox 761 1935 896 2017; x_wconf 90' lang='lat' dir='ltr'><strong>dicatur,</strong></span> <span class='ocrx_word' id='word_1_106' title='bbox 926 1936 1018 2002; x_wconf 86' lang='lat' dir='ltr'><strong>etiam</strong></span> <span class='ocrx_word' id='word_1_107' title='bbox 1041 1934 1082 2001; x_wconf 86' lang='lat' dir='ltr'><strong>ad</strong></span> <span class='ocrx_word' id='word_1_108' title='bbox 1104 1937 1162 2003; x_wconf 93' lang='lat' dir='ltr'><strong>ho-</strong></span> 
     </span>
     <span class='ocr_line' id='line_1_15' title="bbox 155 2045 1160 2114; baseline -0.002 0"><span class='ocrx_word' id='word_1_109' title='bbox 155 2051 256 2114; x_wconf 86' lang='lat' dir='ltr'><strong>mines</strong></span> <span class='ocrx_word' id='word_1_110' title='bbox 284 2047 449 2114; x_wconf 82' lang='lat' dir='ltr'><strong>transferri</strong></span> <span class='ocrx_word' id='word_1_111' title='bbox 476 2054 610 2112; x_wconf 87' lang='lat' dir='ltr'><strong>constat</strong></span> <span class='ocrx_word' id='word_1_112' title='bbox 662 2045 892 2114; x_wconf 89' lang='lat' dir='ltr'><strong>Grammaticus</strong></span> <span class='ocrx_word' id='word_1_113' title='bbox 913 2045 1016 2113; x_wconf 87' lang='lat' dir='ltr'><strong>Bekk.</strong></span> <span class='ocrx_word' id='word_1_114' title='bbox 1038 2046 1160 2114; x_wconf 83' lang='lat' dir='ltr'><strong>Anecd.</strong></span> 
     </span>
     <span class='ocr_line' id='line_1_16' title="bbox 155 2151 1159 2256; baseline -0.003 -28"><span class='ocrx_word' id='word_1_115' title='bbox 155 2185 188 2249; x_wconf 90' lang='lat' dir='ltr'><strong>p.</strong></span> <span class='ocrx_word' id='word_1_116' title='bbox 204 2163 269 2228; x_wconf 71' lang='lat'><strong>345</strong></span> <span class='ocrx_word' id='word_1_117' title='bbox 291 2157 445 2256; x_wconf 66' lang='lat' dir='ltr'><strong>ddpdom:</strong></span> <span class='ocrx_word' id='word_1_118' title='bbox 469 2151 575 2248; x_wconf 83' lang='grc' dir='ltr'><em>ἁδρὸν</em></span> <span class='ocrx_word' id='word_1_119' title='bbox 595 2158 652 2224; x_wconf 83' lang='grc' dir='ltr'><strong>καὶ</strong></span> <span class='ocrx_word' id='word_1_120' title='bbox 666 2162 772 2244; x_wconf 76' lang='grc' dir='ltr'><em>μέγαν</em></span> <span class='ocrx_word' id='word_1_121' title='bbox 785 2162 932 2241; x_wconf 81' lang='grc' dir='ltr'><strong><em>ποιῆσαι.</em></strong></span> <span class='ocrx_word' id='word_1_122' title='bbox 964 2157 1159 2250; x_wconf 82' lang='grc' dir='ltr'><strong><em>Σοφοκλῆς.</em></strong></span> 
     </span>
    </p>
   </div>
   <div class='ocr_carea' id='block_1_4' title="bbox 19 2264 1160 2361">
    <p class='ocr_par' dir='ltr' id='par_1_4' title="bbox 19 2264 1160 2361">
     <span class='ocr_line' id='line_1_17' title="bbox 19 2264 1160 2361; baseline -0.001 -25"><span class='ocrx_word' id='word_1_123' title='bbox 19 2271 22 2276; x_wconf 77' lang='grc'><strong>’</strong></span> <span class='ocrx_word' id='word_1_124' title='bbox 154 2273 251 2338; x_wconf 77' lang='lat' dir='ltr'><strong>Vsb</strong></span> <span class='ocrx_word' id='word_1_125' title='bbox 272 2270 374 2361; x_wconf 83' lang='lat' dir='ltr'><strong>vulgo</strong></span> <span class='ocrx_word' id='word_1_126' title='bbox 399 2264 524 2356; x_wconf 80' lang='grc' dir='ltr'>βωμόν.</span> <span class='ocrx_word' id='word_1_127' title='bbox 574 2270 677 2335; x_wconf 85' lang='lat' dir='ltr'><strong>Recte</strong></span> <span class='ocrx_word' id='word_1_128' title='bbox 698 2268 871 2336; x_wconf 89' lang='lat' dir='ltr'><strong>Jacobsius</strong></span> <span class='ocrx_word' id='word_1_129' title='bbox 895 2291 933 2335; x_wconf 85' lang='lat' dir='ltr'><strong>er</strong></span> <span class='ocrx_word' id='word_1_130' title='bbox 955 2267 1027 2335; x_wconf 87' lang='lat' dir='ltr'><strong>cod.</strong></span> <span class='ocrx_word' id='word_1_131' title='bbox 1048 2269 1160 2356; x_wconf 72' lang='grc' dir='ltr'><em>βωμῷ,</em></span> 
     </span>
    </p>
   </div>
   <div class='ocr_carea' id='block_1_5' title="bbox 86 2375 1159 4232">
    <p class='ocr_par' dir='ltr' id='par_1_5' title="bbox 153 2375 1159 3028">
     <span class='ocr_line' id='line_1_18' title="bbox 154 2375 1158 2473; baseline -0.002 -23"><span class='ocrx_word' id='word_1_132' title='bbox 154 2375 247 2473; x_wconf 75' lang='grc' dir='ltr'><strong><em>παρὰ</em></strong></span> <span class='ocrx_word' id='word_1_133' title='bbox 281 2382 323 2449; x_wconf 93' lang='lat' dir='ltr'><strong>ad</strong></span> <span class='ocrx_word' id='word_1_134' title='bbox 354 2390 523 2468; x_wconf 85' lang='lat' dir='ltr'><strong>utrumque</strong></span> <span class='ocrx_word' id='word_1_135' title='bbox 551 2379 784 2447; x_wconf 86' lang='lat' dir='ltr'><strong>substantivum</strong></span> <span class='ocrx_word' id='word_1_136' title='bbox 812 2384 975 2469; x_wconf 86' lang='lat' dir='ltr'><strong>pertinere</strong></span> <span class='ocrx_word' id='word_1_137' title='bbox 1007 2403 1158 2461; x_wconf 89' lang='lat' dir='ltr'><strong>monens;</strong></span> 
     </span>
     <span class='ocr_line' id='line_1_19' title="bbox 154 2491 1159 2579; baseline 0.001 -20"><span class='ocrx_word' id='word_1_138' title='bbox 154 2494 228 2560; x_wconf 86' lang='lat' dir='ltr'><strong>fieri</strong></span> <span class='ocrx_word' id='word_1_139' title='bbox 255 2496 339 2558; x_wconf 89' lang='lat' dir='ltr'><strong>enim</strong></span> <span class='ocrx_word' id='word_1_140' title='bbox 367 2491 543 2572; x_wconf 88' lang='lat' dir='ltr'><strong>interdum,</strong></span> <span class='ocrx_word' id='word_1_141' title='bbox 578 2501 614 2557; x_wconf 89' lang='lat' dir='ltr'><strong>ut</strong></span> <span class='ocrx_word' id='word_1_142' title='bbox 641 2495 840 2579; x_wconf 89' lang='lat' dir='ltr'><strong>praepositio</strong></span> <span class='ocrx_word' id='word_1_143' title='bbox 871 2492 1004 2559; x_wconf 86' lang='lat' dir='ltr'><strong>diversis</strong></span> <span class='ocrx_word' id='word_1_144' title='bbox 1034 2493 1159 2560; x_wconf 87' lang='lat' dir='ltr'><strong>casibus</strong></span> 
     </span>
     <span class='ocr_line' id='line_1_20' title="bbox 155 2604 1159 2694; baseline 0.001 -22"><span class='ocrx_word' id='word_1_145' title='bbox 155 2606 273 2672; x_wconf 86' lang='lat' dir='ltr'><strong>eodum</strong></span> <span class='ocrx_word' id='word_1_146' title='bbox 300 2627 397 2671; x_wconf 89' lang='lat' dir='ltr'><strong>sensu</strong></span> <span class='ocrx_word' id='word_1_147' title='bbox 423 2607 584 2694; x_wconf 82' lang='lat' dir='ltr'><strong>iungatur.</strong></span> <span class='ocrx_word' id='word_1_148' title='bbox 627 2604 752 2670; x_wconf 87' lang='lat' dir='ltr'><strong>Verum</strong></span> <span class='ocrx_word' id='word_1_149' title='bbox 779 2604 857 2682; x_wconf 89' lang='lat' dir='ltr'><strong>hoc;</strong></span> <span class='ocrx_word' id='word_1_150' title='bbox 884 2604 943 2671; x_wconf 87' lang='lat' dir='ltr'><strong>sed</strong></span> <span class='ocrx_word' id='word_1_151' title='bbox 970 2627 1039 2670; x_wconf 93' lang='lat' dir='ltr'><strong>non</strong></span> <span class='ocrx_word' id='word_1_152' title='bbox 1060 2606 1159 2673; x_wconf 92' lang='lat' dir='ltr'><strong>credo</strong></span> 
     </span>
     <span class='ocr_line' id='line_1_21' title="bbox 155 2715 1159 2803; baseline 0 -20"><span class='ocrx_word' id='word_1_153' title='bbox 155 2721 261 2784; x_wconf 78' lang='lat' dir='ltr'><strong>tamen</strong></span> <span class='ocrx_word' id='word_1_154' title='bbox 283 2715 317 2782; x_wconf 91' lang='lat' dir='ltr'><strong>id</strong></span> <span class='ocrx_word' id='word_1_155' title='bbox 338 2717 402 2783; x_wconf 89' lang='lat' dir='ltr'><strong>hoc</strong></span> <span class='ocrx_word' id='word_1_156' title='bbox 423 2716 499 2782; x_wconf 93' lang='lat' dir='ltr'><strong>loco</strong></span> <span class='ocrx_word' id='word_1_157' title='bbox 516 2725 549 2780; x_wconf 91' lang='lat' dir='ltr'><strong>et</strong></span> <span class='ocrx_word' id='word_1_158' title='bbox 562 2716 657 2782; x_wconf 91' lang='lat' dir='ltr'><strong>huius</strong></span> <span class='ocrx_word' id='word_1_159' title='bbox 673 2715 829 2782; x_wconf 89' lang='lat' dir='ltr'><strong>similibus</strong></span> <span class='ocrx_word' id='word_1_160' title='bbox 843 2715 917 2782; x_wconf 87' lang='lat' dir='ltr'><strong>ficri</strong></span> <span class='ocrx_word' id='word_1_161' title='bbox 930 2737 1037 2803; x_wconf 87' lang='lat' dir='ltr'><strong>posse,</strong></span> <span class='ocrx_word' id='word_1_162' title='bbox 1060 2740 1159 2803; x_wconf 91' lang='lat' dir='ltr'><strong>quare</strong></span> 
     </span>
     <span class='ocr_line' id='line_1_22' title="bbox 155 2817 1159 2917; baseline 0.001 -23"><span class='ocrx_word' id='word_1_163' title='bbox 155 2817 356 2894; x_wconf 87' lang='lat' dir='ltr'><strong>scribendum</strong></span> <span class='ocrx_word' id='word_1_164' title='bbox 378 2827 519 2894; x_wconf 87' lang='lat' dir='ltr'><strong>videtur:</strong></span> <span class='ocrx_word' id='word_1_165' title='bbox 548 2823 632 2893; x_wconf 75' lang='grc' dir='ltr'><strong>ἀνθ’</strong></span> <span class='ocrx_word' id='word_1_166' title='bbox 659 2817 706 2894; x_wconf 83' lang='grc' dir='ltr'><strong>ὧν</strong></span> <span class='ocrx_word' id='word_1_167' title='bbox 733 2848 787 2895; x_wconf 83' lang='grc' dir='ltr'><strong>σοι</strong></span> <span class='ocrx_word' id='word_1_168' title='bbox 816 2819 919 2893; x_wconf 77' lang='grc' dir='ltr'><strong><em>κατὰ</em></strong></span> <span class='ocrx_word' id='word_1_169' title='bbox 947 2821 1056 2895; x_wconf 77' lang='grc' dir='ltr'><strong><em>πολλὰ</em></strong></span> <span class='ocrx_word' id='word_1_170' title='bbox 1076 2851 1159 2917; x_wconf 80' lang='grc' dir='ltr'><strong><em>προ-</em></strong></span> 
     </span>
     <span class='ocr_line' id='line_1_23' title="bbox 153 2932 559 3028; baseline -0.007 -22"><span class='ocrx_word' id='word_1_171' title='bbox 153 2937 234 3022; x_wconf 66' lang='lat' dir='ltr'><strong>odia</strong></span> <span class='ocrx_word' id='word_1_172' title='bbox 255 2941 313 3006; x_wconf 85' lang='grc' dir='ltr'><strong>καὶ</strong></span> <span class='ocrx_word' id='word_1_173' title='bbox 333 2932 426 3028; x_wconf 77' lang='grc' dir='ltr'><strong><em>παρὰ</em></strong></span> <span class='ocrx_word' id='word_1_174' title='bbox 446 2938 559 3025; x_wconf 73' lang='grc' dir='ltr'><strong><em>βωμῷ.</em></strong></span> 
     </span>
    </p>

    <p class='ocr_par' dir='ltr' id='par_1_6' title="bbox 86 3045 1159 4122">
     <span class='ocr_line' id='line_1_24' title="bbox 242 3045 1158 3137; baseline 0 -19"><span class='ocrx_word' id='word_1_175' title='bbox 242 3052 330 3118; x_wconf 86' lang='lat' dir='ltr'>VIII.</span> <span class='ocrx_word' id='word_1_176' title='bbox 357 3053 416 3117; x_wconf 90' lang='lat' dir='ltr'><strong>Vs.</strong></span> <span class='ocrx_word' id='word_1_177' title='bbox 432 3054 450 3117; x_wconf 94' lang='lat' dir='ltr'><strong>l</strong></span> <span class='ocrx_word' id='word_1_178' title='bbox 467 3049 598 3115; x_wconf 88' lang='lat' dir='ltr'><strong>Jacobs.</strong></span> <span class='ocrx_word' id='word_1_179' title='bbox 617 3071 654 3116; x_wconf 82' lang='lat' dir='ltr'><strong>ex</strong></span> <span class='ocrx_word' id='word_1_180' title='bbox 668 3049 741 3116; x_wconf 86' lang='lat' dir='ltr'><strong>cod.</strong></span> <span class='ocrx_word' id='word_1_181' title='bbox 756 3045 972 3137; x_wconf 82' lang='grc' dir='ltr'><strong><em>Λυκαμήὸης.</em></strong></span> <span class='ocrx_word' id='word_1_182' title='bbox 1006 3052 1158 3118; x_wconf 87' lang='lat' dir='ltr'><strong>Debebat</strong></span> 
     </span>
     <span class='ocr_line' id='line_1_25' title="bbox 155 3156 1156 3250; baseline 0 -20"><span class='ocrx_word' id='word_1_183' title='bbox 155 3173 241 3230; x_wconf 85' lang='lat' dir='ltr'><strong>ccrt&#39;e</strong></span> <span class='ocrx_word' id='word_1_184' title='bbox 255 3158 470 3249; x_wconf 82' lang='grc' dir='ltr'><strong><em>Λυκομήὸας.</em></strong></span> <span class='ocrx_word' id='word_1_185' title='bbox 505 3161 677 3227; x_wconf 90' lang='lat' dir='ltr'><strong>Salmasius</strong></span> <span class='ocrx_word' id='word_1_186' title='bbox 690 3158 921 3250; x_wconf 80' lang='grc' dir='ltr'><strong><em>Λυκομήδους.</em></strong></span> <span class='ocrx_word' id='word_1_187' title='bbox 950 3156 1069 3250; x_wconf 88' lang='lat' dir='ltr'><strong>Scripsi</strong></span> <span class='ocrx_word' id='word_1_188' title='bbox 1083 3165 1156 3230; x_wconf 88' lang='lat' dir='ltr'><strong>Av-</strong></span> 
     </span>
     <span class='ocr_line' id='line_1_26' title="bbox 86 3269 1158 3364; baseline -0.001 -23"><span class='ocrx_word' id='word_1_189' title='bbox 86 3343 88 3347; x_wconf 76' lang='grc'>,</span> <span class='ocrx_word' id='word_1_190' title='bbox 154 3269 323 3362; x_wconf 81' lang='grc' dir='ltr'><strong><em>κομήὸευς.</em></strong></span> <span class='ocrx_word' id='word_1_191' title='bbox 355 3275 415 3339; x_wconf 88' lang='lat' dir='ltr'><strong>Vs.</strong></span> <span class='ocrx_word' id='word_1_192' title='bbox 429 3276 451 3340; x_wconf 90' lang='lat'><strong>3</strong></span> <span class='ocrx_word' id='word_1_193' title='bbox 470 3295 530 3362; x_wconf 95' lang='lat' dir='ltr'><strong>pro</strong></span> <span class='ocrx_word' id='word_1_194' title='bbox 546 3269 739 3363; x_wconf 76' lang='lat' dir='ltr'><strong>rcpdcspyov,</strong></span> <span class='ocrx_word' id='word_1_195' title='bbox 763 3272 850 3360; x_wconf 92' lang='lat' dir='ltr'><strong>quod</strong></span> <span class='ocrx_word' id='word_1_196' title='bbox 863 3278 916 3340; x_wconf 85' lang='lat' dir='ltr'><strong>vix</strong></span> <span class='ocrx_word' id='word_1_197' title='bbox 932 3285 1040 3362; x_wconf 88' lang='lat' dir='ltr'><strong>aptum</strong></span> <span class='ocrx_word' id='word_1_198' title='bbox 1055 3273 1158 3364; x_wconf 79' lang='grc' dir='ltr'><em>ἀτρά-</em></span> 
     </span>
     <span class='ocr_line' id='line_1_27' title="bbox 153 3380 1158 3475; baseline 0.001 -23"><span class='ocrx_word' id='word_1_199' title='bbox 153 3408 233 3452; x_wconf 85' lang='grc' dir='ltr'><strong><em>κτου</em></strong></span> <span class='ocrx_word' id='word_1_200' title='bbox 261 3386 436 3474; x_wconf 84' lang='lat' dir='ltr'><strong>epitheton,</strong></span> <span class='ocrx_word' id='word_1_201' title='bbox 457 3385 628 3452; x_wconf 89' lang='lat' dir='ltr'><strong>Jacobsius</strong></span> <span class='ocrx_word' id='word_1_202' title='bbox 650 3387 828 3471; x_wconf 85' lang='lat' dir='ltr'><strong>suspicatur</strong></span> <span class='ocrx_word' id='word_1_203' title='bbox 851 3380 1040 3475; x_wconf 78' lang='grc' dir='ltr'><strong><em>κρόκεργον,</em></strong></span> <span class='ocrx_word' id='word_1_204' title='bbox 1070 3387 1158 3474; x_wconf 89' lang='lat' dir='ltr'><strong>quod</strong></span> 
     </span>
     <span class='ocr_line' id='line_1_28' title="bbox 153 3468 1158 3585; baseline 0.004 -23"><span class='ocrx_word' id='word_1_205' title='bbox 153 3500 262 3585; x_wconf 90' lang='lat' dir='ltr'><strong>potius</strong></span> <span class='ocrx_word' id='word_1_206' title='bbox 290 3489 491 3585; x_wconf 76' lang='grc' dir='ltr'><strong><em>κροκουργὸν</em></strong></span> <span class='ocrx_word' id='word_1_207' title='bbox 520 3496 688 3563; x_wconf 91' lang='lat' dir='ltr'><strong>dicendum</strong></span> <span class='ocrx_word' id='word_1_208' title='bbox 718 3505 795 3563; x_wconf 86' lang='lat' dir='ltr'><strong>erat.</strong></span> <span class='ocrx_word' id='word_1_209' title='bbox 838 3468 948 3563; x_wconf 72' lang='lat' dir='ltr'><strong>Possis</strong></span> <span class='ocrx_word' id='word_1_210' title='bbox 978 3502 1072 3565; x_wconf 87' lang='lat' dir='ltr'><strong>etiam</strong></span> <span class='ocrx_word' id='word_1_211' title='bbox 1098 3493 1158 3566; x_wconf 83' lang='grc' dir='ltr'><strong>τόν</strong></span> 
     </span>
     <span class='ocr_line' id='line_1_29' title="bbox 154 3603 1159 3696; baseline 0 -21"><span class='ocrx_word' id='word_1_212' title='bbox 154 3605 185 3675; x_wconf 86' lang='grc' dir='ltr'><strong>τ’</strong></span> <span class='ocrx_word' id='word_1_213' title='bbox 204 3603 384 3696; x_wconf 78' lang='grc' dir='ltr'><strong><em>ἐριουργόν.</em></strong></span> <span class='ocrx_word' id='word_1_214' title='bbox 429 3610 524 3673; x_wconf 80' lang='lat' dir='ltr'><strong>Vsfi</strong></span> <span class='ocrx_word' id='word_1_215' title='bbox 549 3618 582 3674; x_wconf 87' lang='lat' dir='ltr'><strong>et</strong></span> <span class='ocrx_word' id='word_1_216' title='bbox 605 3611 624 3674; x_wconf 89' lang='lat'><strong>7</strong></span> <span class='ocrx_word' id='word_1_217' title='bbox 646 3611 795 3674; x_wconf 90' lang='lat' dir='ltr'><strong>intactam</strong></span> <span class='ocrx_word' id='word_1_218' title='bbox 816 3607 932 3696; x_wconf 88' lang='lat' dir='ltr'><strong>reliqui</strong></span> <span class='ocrx_word' id='word_1_219' title='bbox 954 3611 1026 3677; x_wconf 89' lang='lat' dir='ltr'><strong>cod.</strong></span> <span class='ocrx_word' id='word_1_220' title='bbox 1047 3611 1159 3676; x_wconf 89' lang='lat' dir='ltr'><strong>lectio-</strong></span> 
     </span>
     <span class='ocr_line' id='line_1_30' title="bbox 154 3715 1159 3808; baseline 0.001 -23"><span class='ocrx_word' id='word_1_221' title='bbox 154 3741 243 3800; x_wconf 86' lang='lat' dir='ltr'><strong>nem,</strong></span> <span class='ocrx_word' id='word_1_222' title='bbox 271 3722 333 3785; x_wconf 91' lang='lat' dir='ltr'><strong>nisi</strong></span> <span class='ocrx_word' id='word_1_223' title='bbox 355 3717 443 3807; x_wconf 93' lang='lat' dir='ltr'><strong>quod</strong></span> <span class='ocrx_word' id='word_1_224' title='bbox 471 3723 560 3786; x_wconf 85' lang='lat' dir='ltr'><strong>vs.7</strong></span> <span class='ocrx_word' id='word_1_225' title='bbox 589 3715 685 3798; x_wconf 79' lang='grc' dir='ltr'><em>τάςδε</em></span> <span class='ocrx_word' id='word_1_226' title='bbox 707 3723 818 3808; x_wconf 90' lang='lat' dir='ltr'><strong>scripsi</strong></span> <span class='ocrx_word' id='word_1_227' title='bbox 846 3720 937 3804; x_wconf 91' lang='lat' dir='ltr'><strong>(cod.</strong></span> <span class='ocrx_word' id='word_1_228' title='bbox 960 3715 1023 3800; x_wconf 82' lang='grc' dir='ltr'><strong>τώς</strong></span> <span class='ocrx_word' id='word_1_229' title='bbox 1044 3722 1099 3801; x_wconf 81' lang='grc' dir='ltr'><strong>δέ)</strong></span> <span class='ocrx_word' id='word_1_230' title='bbox 1125 3731 1159 3786; x_wconf 89' lang='lat' dir='ltr'><strong>et</strong></span> 
     </span>
     <span class='ocr_line' id='line_1_31' title="bbox 154 3828 1159 3920; baseline 0.002 -25"><span class='ocrx_word' id='word_1_231' title='bbox 154 3831 330 3918; x_wconf 72' lang='grc' dir='ltr'><strong><em>ἐμβριθεῖς</em></strong></span> <span class='ocrx_word' id='word_1_232' title='bbox 350 3854 412 3920; x_wconf 93' lang='lat' dir='ltr'><strong>pro</strong></span> <span class='ocrx_word' id='word_1_233' title='bbox 435 3828 603 3919; x_wconf 77' lang='grc' dir='ltr'><strong><em>εὐβριθεῖς</em></strong></span> <span class='ocrx_word' id='word_1_234' title='bbox 621 3854 690 3896; x_wconf 91' lang='lat' dir='ltr'><strong>cum</strong></span> <span class='ocrx_word' id='word_1_235' title='bbox 705 3832 850 3898; x_wconf 85' lang='lat' dir='ltr'><strong>Reiskio.</strong></span> <span class='ocrx_word' id='word_1_236' title='bbox 883 3834 979 3900; x_wconf 82' lang='lat' dir='ltr'><strong>Vs.9</strong></span> <span class='ocrx_word' id='word_1_237' title='bbox 1002 3831 1073 3897; x_wconf 88' lang='lat' dir='ltr'><strong>cod.</strong></span> <span class='ocrx_word' id='word_1_238' title='bbox 1095 3831 1159 3912; x_wconf 83' lang='grc' dir='ltr'><strong>ζῶν</strong></span> 
     </span>
     <span class='ocr_line' id='line_1_32' title="bbox 151 3942 1157 4032; baseline 0.002 -26"><span class='ocrx_word' id='word_1_239' title='bbox 151 3944 253 4029; x_wconf 80' lang='grc' dir='ltr'><em>χέρας</em></span> <span class='ocrx_word' id='word_1_240' title='bbox 282 3965 318 4008; x_wconf 84' lang='grc' dir='ltr'><strong>αι</strong></span> <span class='ocrx_word' id='word_1_241' title='bbox 347 3963 411 4011; x_wconf 87' lang='grc' dir='ltr'><strong><em>σοι.</em></strong></span> <span class='ocrx_word' id='word_1_242' title='bbox 467 3943 626 4029; x_wconf 89' lang='lat' dir='ltr'><strong>Sequutus</strong></span> <span class='ocrx_word' id='word_1_243' title='bbox 654 3965 723 4009; x_wconf 92' lang='lat' dir='ltr'><strong>sum</strong></span> <span class='ocrx_word' id='word_1_244' title='bbox 744 3942 944 4024; x_wconf 88' lang='lat' dir='ltr'><strong>Jacobsium,</strong></span> <span class='ocrx_word' id='word_1_245' title='bbox 973 3947 1027 4032; x_wconf 94' lang='lat' dir='ltr'><strong>qui</strong></span> <span class='ocrx_word' id='word_1_246' title='bbox 1052 3953 1157 4010; x_wconf 82' lang='lat' dir='ltr'><strong>tamen</strong></span> 
     </span>
     <span class='ocr_line' id='line_1_33' title="bbox 155 4053 1157 4122; baseline 0.003 -5"><span class='ocrx_word' id='word_1_247' title='bbox 155 4072 223 4118; x_wconf 91' lang='lat' dir='ltr'><strong>non</strong></span> <span class='ocrx_word' id='word_1_248' title='bbox 245 4062 331 4119; x_wconf 90' lang='lat' dir='ltr'><strong>recte</strong></span> <span class='ocrx_word' id='word_1_249' title='bbox 355 4053 456 4121; x_wconf 88' lang='lat' dir='ltr'><strong>edidit</strong></span> <span class='ocrx_word' id='word_1_250' title='bbox 483 4056 557 4120; x_wconf 81' lang='lat' dir='ltr'><strong>alei.</strong></span> <span class='ocrx_word' id='word_1_251' title='bbox 600 4054 753 4121; x_wconf 87' lang='lat' dir='ltr'><strong>Debebat</strong></span> <span class='ocrx_word' id='word_1_252' title='bbox 781 4058 859 4121; x_wconf 73' lang='lat' dir='ltr'><strong>arev.</strong></span> <span class='ocrx_word' id='word_1_253' title='bbox 905 4057 987 4120; x_wconf 88' lang='lat' dir='ltr'><strong>Tum</strong></span> <span class='ocrx_word' id='word_1_254' title='bbox 1008 4057 1157 4122; x_wconf 84' lang='lat' dir='ltr'><strong>revocavi</strong></span> 
     </span>
    </p>

    <p class='ocr_par' dir='ltr' id='par_1_7' title="bbox 934 4167 957 4232">
     <span class='ocr_line' id='line_1_34' title="bbox 934 4167 957 4232; baseline 0 0"><span class='ocrx_word' id='word_1_255' title='bbox 934 4167 957 4232; x_wconf 86' lang='grc'>8</span> 
     </span>
    </p>
   </div>
   <div class='ocr_carea' id='block_1_6' title="bbox 0 0 1518 4816">
    <p class='ocr_par' dir='ltr' id='par_1_8' title="bbox 0 0 1518 4816">
     <span class='ocr_line' id='line_1_35' title="bbox 0 0 1518 4816; baseline 0 0"><span class='ocrx_word' id='word_1_256' title='bbox 0 0 1518 4816; x_wconf 95' lang='lat' dir='ltr'><strong> </strong></span> 
     </span>
    </p>
   </div>
  </div>
 </body>
</html>
