3026 4816
438 446 697 506 ADNOTA'I'IO
722 445 909 541 carrica.
1147 451 1184 506 96

174 595 244 678 υἱὸς
265 593 383 688 ἄρτον,
409 593 456 685 μὴ
479 600 582 665 λίθον
604 594 753 665 ἐπιδώσει
774 595 872 683 αὐτῷ.
917 600 1030 666 Matth.
1054 602 1113 680 26,
1136 603 1180 666 62

175 707 270 776 οὐδὲν
292 707 454 803 ἀποκρίνῃ
476 714 509 777 τί
531 701 624 776 οὗτοί
646 730 707 776 σου
727 710 1054 798 καταμαρτυροῦσινς
1081 712 1180 777 Marc.

176 824 227 901 II,
249 823 292 888 36
315 819 383 886 ἀλλ’
401 819 451 888 ὀὐ
472 825 505 886 τί
526 815 588 907 ἐγώ
610 822 712 900 θέλοι,
734 813 820 888 ἀλλὰ
842 824 875 886 τί
898 817 947 886 σύ.
986 820 1032 887 Id.
1055 825 1100 889 60
1123 820 1182 889 οὐκ

175 930 336 1025 ἀποκρίνῃ
364 930 460 1000 οὐδὲν
487 935 521 999 τί
554 922 646 999 οὗτοι
674 933 1053 1021 σογκαταμαρτοροῦσιν.
1104 935 1181 999 Luc.

178 1047 229 1123 17,
251 1045 273 1109 8
301 1046 480 1132 ἑτοίμασον
507 1047 540 1110 σι’
561 1037 733 1129 δειπνήσω.
778 1045 893 1110 Jacob.
917 1047 953 1124 3,
979 1047 1019 1110 13
1048 1046 1098 1121 τι’ς
1125 1066 1182 1111 σο-

176 1150 242 1246 φὰς
263 1157 320 1220 καὶ
341 1152 529 1242 ἐπιστήμων
543 1162 579 1222 ἐν
593 1151 678 1240 ὑμῖν,
701 1151 836 1233 δειξάτω
859 1162 894 1221 ἐκ
908 1159 967 1237 τῆς
981 1156 1084 1237 καλῆς
1098 1153 1182 1222 ἀνα·
1254 1240 1258 1248 ¹

177 1267 326 1358 στροφῆς
347 1261 391 1332 τοὶ
412 1268 492 1353 ἔργα
515 1264 627 1334 αὐτοῦ.
667 1269 683 1331 l
709 1263 855 1335 Corinth.
880 1271 938 1346 15,
959 1270 980 1333 2
1009 1269 1074 1334 τίνι
1094 1262 1182 1353 λόγῳ

177 1373 436 1463 εὐηγγελισάμην
455 1376 534 1464 ὑμῖν
555 1370 608 1460 (td
625 1374 827 1461 εὐαγγέλιον)
849 1383 876 1444 ελ
890 1382 1038 1465 κατέχετε
1060 1374 1181 1460 (αὐτό).

176 1489 229 1556 Ad
250 1489 399 1556 Nossidis
422 1489 528 1555 Iocum
550 1499 586 1556 ut
607 1488 753 1568 redeam,
779 1500 866 1555 recte
892 1491 969 1556 τίνοι
991 1490 1063 1556 cod.
1086 1490 1184 1556 habet
1232 1503 1236 1514 ¹

178 1596 348 1688 prostoci.
381 1603 476 1668 Vsd
499 1600 598 1691 vulgo
614 1596 725 1682 τήνας.
760 1599 844 1667 Cod.
859 1600 926 1665 Pal.
949 1598 1063 1683 κήνατ.
1099 1603 1183 1667 Ηίοο

177 1711 328 1778 Reiskius
349 1707 461 1793 κήνας.
493 1714 662 1778 Praeterea
684 1714 794 1778 forsan
808 1708 941 1780 τᾶοθεα
954 1713 1165 1780 scribendum.

264 1824 303 1888 II.
341 1825 399 1890 Vs.
415 1827 435 1889 2
457 1835 518 1910 pro
541 1826 692 1916 καθορῇς
711 1825 892 1891 Brunckius
910 1825 1049 1890 malebat
1069 1827 1182 1892 ποθο-

177 1936 244 2027 ρῇς.
290 1936 367 2002 Sine
389 1959 492 2016 causa,
514 1945 551 2001 ut
573 1935 670 2002 docet
691 1936 901 2002 Dioscorides
923 1937 1018 2002 Anth.
1041 1937 1107 2002 Pal.
1124 1938 1180 2016 VI,

179 2049 242 2111 126
264 2040 311 2133 μὴ
333 2048 466 2139 κατίδῃς
486 2071 536 2133 με,
558 2048 613 2112 ubi
636 2051 712 2114 item
735 2059 882 2136 expectes
904 2048 1071 2139 προσίδῃς.
1112 2049 1180 2116 cfr.

176 2158 337 2224 Leonidas
362 2162 436 2225 Tar.
451 2160 561 2247 Epigr.
576 2160 671 2239 XLII,
685 2162 717 2225 3.
750 2162 809 2225 Vs.
824 2162 845 2225 4
867 2162 998 2224 miratur
1011 2159 1181 2225 Jacobsius

176 2269 421 2358 productionem
442 2274 562 2358 primae
578 2271 721 2357 syllabae
735 2275 770 2336 in
784 2266 919 2360 ὕφανεν,
943 2291 1024 2357 quae
1040 2269 1181 2359 legitima

176 2374 325 2448 mensura
348 2393 405 2449 est.
450 2382 539 2448 Idem
562 2382 702 2449 eiusdem
726 2393 758 2448 et
779 2380 934 2447 Brunckii
957 2404 1046 2447 error
1069 2392 1118 2448 est
1139 2382 1182 2448 ad

177 2495 332 2561 Ammian.
360 2494 457 2560 Anth.
484 2493 551 2559 Pal.
574 2497 633 2575 XI,
660 2498 708 2561 14.
759 2496 824 2560 Pro
852 2488 1005 2580 Κλεόχας
1033 2494 1074 2561 G.
1102 2496 1181 2561 Din-

178 2607 301 2674 dorfius
323 2608 419 2672 Thes.
442 2608 479 2671 L.
496 2606 537 2672 G.
558 2606 670 2673 maluit
683 2603 825 2685 Κλεόλα,
846 2609 954 2692 patris,
976 2607 1101 2692 opinor,
1124 2627 1182 2671 no-

177 2741 251 2784 men
274 2718 473 2785 desiderans:
494 2740 553 2805 per
574 2740 610 2783 se
633 2721 716 2784 enim
732 2712 862 2804 Κλεόχη
885 2715 952 2782 non
973 2721 1077 2783 minus
1093 2727 1181 2783 recte

178 2831 348 2897 formatum
372 2841 420 2896 est
442 2854 535 2917 quam
558 2831 714 2916 Κλέοχος.
1174 2820 1176 2828 ’

266 2944 321 3008 III.
357 2945 450 3010 Vsl
473 2942 653 3008 Brunckius
675 2943 788 3028 ἔχοισα
812 2950 844 3006 et
861 2943 945 3006 vs2
968 2945 1009 3018 ἐς.
1047 2942 1097 3006 Ac
1118 2943 1182 3008 ior-

97 3069 102 3078 '
177 3066 261 3120 tasse
286 3057 381 3119 etiam
402 3077 447 3118 vs.
464 3056 485 3119 3
504 3050 629 3119 Ἰνωτιῶ
650 3053 852 3120 scribendum
874 3075 935 3140 pro
955 3049 1088 3138 Ἰοωτιολ

265 3167 323 3232 IV.
357 3168 486 3232 Lemma
510 3165 582 3231 cod.
603 3167 774 3244 Νοσσίδος
788 3167 949 3252 Λεσβίας,
972 3188 1065 3252 quem
1087 3165 1181 3232 libra-

177 3279 218 3342 rii
246 3299 388 3343 errorem
418 3300 488 3344 esse
515 3288 604 3343 recte
632 3281 740 3343 statuit
767 3279 937 3344 Jacobsius
960 3276 1064 3344 Catal.
1093 3289 1179 3365 poet.

178 3411 251 3478 pag.
275 3392 349 3455 926.
394 3391 494 3456 vs.1
525 3390 597 3455 cod.
626 3390 795 3475 ὶδοίμεθα.
839 3390 1011 3455 Jacobsius
1038 3391 1072 3453 in
1094 3393 1180 3456 notis

179 3495 340 3586 ἰδώμεθα.

267 3613 309 3677 V.
340 3603 438 3679 ²Vs.3
460 3613 561 3702 vulgo
577 3607 650 3693 ὄζει
684 3613 750 3678 Pal.
766 3614 787 3678 δ
804 3634 901 3700 super
915 3613 942 3692 ζ.
976 3614 1076 3699 Quod
1091 3608 1183 3680 ὅσδει

180 3744 251 3789 esse
271 3728 395 3791 monuit
410 3725 592 3790 Jacobsius.
630 3727 722 3790 Vsd
747 3724 788 3790 ad
811 3747 903 3790 aures
925 3724 1037 3791 melius
1060 3726 1182 3792 accide-

179 3844 230 3900 ret
250 3833 340 3902 τοῦδ’
366 3827 393 3921 ᾦ
415 3858 477 3924 pro
499 3839 560 3904 τοῦ
581 3837 637 3920 τῷ.
683 3835 767 3903 Cod.
793 3833 852 3904 τού
873 3838 940 3902 τῶι.
984 3837 1030 3902 Ib.
1047 3832 1181 3904 Ἆδωνα

180 3969 218 4011 ex
247 3947 319 4013 cod.
342 3948 409 4015 Pal.
433 3952 545 4037 scripsi
565 3971 627 4036 pro
643 3944 787 4015 ’Ἀδωνα
829 3948 973 4014 Eandem
996 3952 1180 4036 scripturam

178 4063 303 4150 restitui
323 4061 473 4128 Dioscor.
497 4063 589 4140 VIII,
614 4065 642 4127 l.
665 4060 720 4127 ubi
741 4061 816 4127 vide
839 4083 919 4148 quae
942 4064 1102 4127 annotavi.
