3026 4816
443 457 704 519 ADNOTATlO
727 459 913 519 CRlTlGA.
1130 464 1182 520 139

179 612 331 679 Eiusdem
357 611 497 700 Phihppi
534 622 646 678 contra
672 611 853 692 Dardanos,
881 611 1046 678 finitimam
1073 612 1182 700 Odry-

178 727 222 790 sis
245 734 387 814 gentem,
416 722 578 811 expeditio
601 732 793 788 memoratur
819 745 837 788 a
859 722 1020 810 pluribus,
1048 745 1182 812 quorum

179 839 361 902 testimonia
384 834 516 924 collegit
536 833 707 901 Jacobsius
727 834 902 900 Amimadv.
925 834 968 900 ad
989 835 1081 902 Anal.
1099 838 1138 917 IL
1161 839 1181 902 l

9 929 15 960 '
60 985 62 988 .
179 973 211 1037 p.
227 950 280 1014 27.
313 949 406 1013 Hanc
428 949 642 1012 coniecturam
657 947 685 1012 si
707 947 777 1032 quis
801 966 841 1012 eo
858 945 997 1011 convelli
1019 950 1182 1027 existimet,

180 1059 269 1147 quod
297 1080 365 1124 non
388 1056 558 1146 probabile
588 1079 657 1122 esse
679 1057 839 1136 videatur,
866 1057 990 1124 Niciam
1012 1057 1183 1140 Milesium,

181 1172 346 1237 Theocriti
375 1169 553 1258 aequalem,
580 1168 721 1256 Philippi
750 1177 899 1234 aetatem*
914 1172 1073 1259 attigisse,
1104 1169 1184 1236 nihil

180 1281 321 1370 impedio
344 1303 409 1369 quo
431 1285 535 1347 minus
551 1280 679 1345 Meuius
701 1280 868 1366 Iphicratis
889 1279 979 1345 miles
1001 1281 1100 1346 fuisse
1121 1292 1184 1348 sta-

179 1402 298 1473 tuatur,
331 1391 372 1457 de
401 1395 489 1458 cuius
518 1389 771 1480 expeditionibus
800 1401 912 1457 contra
940 1393 1088 1482 Odrysas
1116 1416 1185 1460 sus-

181 1506 282 1592 ceptis
304 1504 380 1570 vide
400 1502 600 1591 Polyaenum
622 1503 718 1568 Strst.
734 1503 788 1582 ΠΙ,
811 1507 841 1582 8,
863 1507 906 1569 6⁰
922 1542 963 1555 -
979 1505 1031 1584 62,
1053 1505 1110 1571 uhi
1132 1505 1182 1572 bis

180 1619 298 1682 vitiose
316 1611 506 1701 Ὀδρυσαῒοι
527 1618 679 1701 scriptum
702 1625 752 1680 est
773 1635 835 1702 pro
856 1608 1019 1703 Ὀδρύσαι.

268 1727 322 1792 lIL
359 1727 454 1794 Vs.l
480 1726 551 1792 cod.
574 1723 790 1818 ἀμφαρέτρις.
823 1726 1003 1792 Brrmckius
1027 1749 1098 1816 cum
1117 1726 1185 1794 Sal-

182 1841 281 1904 masio
311 1835 413 1903 edidit
439 1841 644 1926 Δαμαρέτας.
699 1836 855 1902 Jaoohsio
876 1840 920 1914 ,in
946 1841 1055 1926 primis
1084 1837 1185 1904 literis

182 1949 373 2016 adiectivum
400 1943 492 2033 ἁβρὰ
518 1948 619 2014 latere
640 1948 776 2014 videtur.
821 1949 899 2014 Non
920 1958 1016 2036 put03
1044 1971 1106 2014 nec
1128 1949 1185 2016 du-

181 2061 251 2127 bito
281 2062 359 2147 quin
384 2082 497 2125 verum
524 2063 566 2125 sit
590 2056 817 2150 Ἀμφαρέτας,
847 2059 934 2146 quod
962 2082 1080 2127 nomen
1108 2064 1185 2127 satis

182 2180 289 2238 tuetur
311 2174 507 2258 comparatio
530 2171 692 2251 similium,
720 2194 750 2236 v.
773 2194 800 2236 c.
819 2167 1039 2262 Ἀμφιμένης,
1059 2169 1183 2262 Ἀμφί-

181 2306 288 2369 μαχος
309 2291 368 2348 etc
402 2281 483 2347 lbid.
504 2276 656 2369 καλύπρα
673 2283 787 2370 scripsi
800 2303 861 2368 pro
876 2278 1054 2370 καλύπτρη.
1090 2285 1147 2349 Vs.
1163 2285 1184 2349 3

182 2394 254 2460 cod.
284 2391 368 2462 ὡσσὲ
395 2390 466 2478 μετ’
492 2390 656 2479 εὐχωλαῖς.
700 2393 880 2458 Brunchius
910 2403 941 2458 et
961 2394 1133 2460 Jacobsius
1162 2393 1185 2460 ἅ

183 2526 220 2572 σε
241 2501 311 2591 μετ’
330 2501 482 2591 εὐχωλαῖς.
514 2506 681 2570 Revocavi
696 2503 767 2568 cod.
784 2507 971 2591 scripturam
995 2503 1038 2583 ὡς
1060 2507 1096 2571 σὲ
1109 2503 1181 2590 μετ’

183 2615 346 2703 simulate.
399 2615 574 2704 Coniunge
602 2609 646 2691 ὥς
674 2636 710 2682 σε
737 2617 998 2700 perstudiosum
1021 2613 1184 2702 εὐχωλαῖς.

183 2730 221 2794 ln
242 2728 309 2792 fine
330 2749 442 2794 versus
465 2731 497 2793 οἱ
518 2724 653 2792 Reishio
676 2725 820 2791 debetur.
867 2725 951 2794 Cod.
973 2751 1035 2794 toa

271 2841 328 2905 IV.
366 2840 463 2905 Vs.3
486 2838 558 2904 cod.
579 2839 695 2924 μνᾶσε.
731 2838 820 2903 Plan.
842 2840 979 2925 μνᾶσαι.
1019 2842 1103 2906 Tum
1123 2835 1188 2908 cdv

183 2951 366 3033 Jacobsius,
387 2951 498 3016 forsan
518 2960 615 3017 recte.
648 2951 694 3017 lb.
716 2951 769 3016 ἐπὶ
783 2950 817 3016 Γ
814 2951 893 3036 ι’λλῳ
906 2950 996 3017 Plan.
1019 2954 1187 3037 encycliis»

183 3063 255 3129 cod.
278 3063 345 3130 Pal.
370 3085 408 3128 ex
430 3083 495 3149 quo
517 3064 581 3128 hoc
603 3072 688 3128 certe
705 3062 861 3142 discimus,
883 3083 1002 3128 nomen
1016 3063 1097 3130 illud
1119 3086 1187 3130 nou

183 3175 312 3253 Γίλλος,
335 3174 393 3240 sed
415 3174 539 3251 Γῑλλος
560 3174 761 3240 scribendum
784 3195 864 3238 csse.

271 3289 314 3353 V.
352 3288 455 3352 Vs.3
482 3288 665 3352 necessario
694 3284 895 3351 scribendum
922 3296 991 3352 erat
1012 3283 1188 3377 ἀμάρακον

61 3379 62 3382 ¹
182 3420 244 3485 pro
267 3393 451 3485 ἀμάρατον.
496 3397 588 3463 Vidit
609 3401 671 3463 iam
691 3399 724 3463 J.
747 3397 787 3464 G.
811 3397 1035 3464 Schneiderus.

272 3510 344 3575 Vll.
383 3511 477 3575 Vsl
501 3505 696 3596 atdlovt‘ap
719 3509 859 3576 devere
880 3511 970 3574 vario
999 3520 1033 3576 et
1053 3511 1187 3578 floribus
1246 3487 1249 3496 ¹
1282 3512 1287 3530 '

184 3625 271 3708 picto
294 3620 445 3710 intelligit
465 3620 646 3687 Jacobsius.
692 3624 844 3688 Fortasse
868 3631 972 3701 reete,
1001 3644 1188 3709 quamquam
1303 3699 1307 3706 ,

184 3732 285 3798 multo
307 3737 420 3822 aptius,
440 3744 478 3800 ut
496 3734 573 3798 mihi
594 3734 722 3821 quidem
735 3734 871 3814 videtur,
893 3737 1071 3821 scripsisset
1091 3745 1191 3822 poete
1303 3721 1305 3725 ⁸

185 3839 306 3910 αἰόλα
328 3845 530 3934 ἱμεροθαλὲς
551 3847 615 3932 ἔαρ,
633 3847 803 3935 φαίνουσα
823 3847 972 3931 μέλισσα.
1010 3845 1111 3932 Quod
1133 3870 1189 3933 ap-

185 3959 336 4023 tissimum
358 3958 451 4048 agilis
480 3960 548 4045 apis
571 3957 738 4047 epitheton
761 3968 817 4023 est.
843 4055 844 4058 Ἴ
865 3957 972 4024 Video
995 3981 1081 4024 nune
1102 3959 1188 4024 idem

185 4067 327 4136 voluisse
349 4069 558 4150 Brunchium,
589 4069 647 4136 sed
675 4067 758 4135 male
786 4072 913 4156 scripsit
941 4064 1040 4136 αὶόλε.
1085 4072 1143 4136 Vs.
1166 4074 1188 4136 2
