3016 4808
345 473 381 526 λθ
694 468 1004 520 ΑΣΚΛΗΠΙΑΔΟΥ

308 611 312 628 ’
346 615 442 702 ἥδιον
464 616 493 685 δ’
520 614 647 685 ὁπόταν
668 613 777 711 κρύφη
798 617 861 704 μία
882 612 958 695 τοὺς
980 615 1157 708 φιλέοντας
1276 677 1278 681 ,

387 731 524 818 χλαῖνα,
545 731 603 796 καὶ
624 730 758 810 αίνήτοιι
778 725 907 817 Κύπρις
927 724 977 795 ὑπ’
1003 723 1212 817 ἀμφοτέρων.

813 877 882 940 XX.

345 987 453 1078 Φείδη
473 985 675 1074 παρθενίης·
697 990 754 1053 καὶ
775 971 808 1052 τί
828 987 946 1068 πλέους
969 981 1012 1050 ού
1029 978 1094 1071 γάρ
1117 988 1151 1060 ἐς
1166 977 1284 1062 ’Ἅιδην

392 1094 524 1165 ὲλθούό
550 1094 694 1186 εὑρήσεις
715 1091 775 1164 τόν
796 1097 968 1188 φιλέοντα,
989 1091 1079 1183 κόρη.

350 1214 385 1275 ἐν
407 1208 519 1288 ζωοῖσι
539 1202 582 1274 τά
603 1203 725 1297 τερπνά
746 1202 790 1275 τά
811 1203 996 1296 Κύπριδος
1021 1209 1058 1272 ὲν
1080 1202 1109 1271 δ’
1133 1202 1301 1292 Ἀχέροντι

374 1333 376 1398 j
394 1317 493 1386 ὀστέα
515 1322 571 1386 καί
592 1315 728 1401 σποδιή,
749 1320 913 1412 παρθένε,
935 1312 1128 1404 κεισόμεθα.

444 1502 446 1514 =
807 1465 891 1530 XXI.

350 1577 399 1646 Αί
420 1572 556 1662 Σάμιαι
576 1570 686 1642 Bam)
708 1580 764 1644 καὶ
787 1571 937 1643 Νάννιον
959 1579 1004 1651 εἰς
1022 1570 1224 1664 Ἀφροδίτης

395 1689 519 1776 φοιτᾶν
539 1693 608 1765 τοῖς
630 1683 732 1769 αι’πής
754 1684 813 1754 οὐκ
837 1687 993 1752 ἐθέλουσι
1013 1679 1144 1770 νόμοις·

240 1875 243 1880 ,
352 1803 398 1876 είς
419 1795 449 1864 δ’
474 1795 549 1886 ἕτερ’
568 1794 809 1884 αὐτομολοῦσιν
831 1792 855 1863 ολ
876 1791 922 1884 μή
945 1791 1040 1864 καλά.
1063 1789 1198 1862 δεσπότι
1218 1789 1338 1884 Κύπρι,

395 1911 485 1996 μίσει
505 1902 565 1986 τολς
585 1910 697 1990 κοίτης
717 1910 778 1990 τής
798 1903 892 1998 παρά
913 1910 968 1975 σοὶ
989 1902 1151 2000 φυγάδας.

337 2111 340 2123 ,
802 2055 902 2124 XXII.

353 2161 426 2248 Νύξ
446 2160 557 2256 μακρή
579 2169 635 2234 καὶ
653 2174 767 2255 χεῖμα,
787 2171 892 2252 μέσην
914 2162 943 2230 δ’
969 2168 1024 2231 ἐπὶ
1045 2160 1200 2231 Πλειάδα
1221 2160 1316 2244 δύνει,

396 2273 485 2364 κάμώ
506 2272 574 2368 πάρ
596 2273 782 2367 προθύροις
801 2278 960 2365 νίσσομαι
980 2272 1128 2363 ὑόμενος,

353 2391 497 2479 τρωθεὶς
517 2389 578 2470 τῆς
599 2389 711 2470 δολίης
734 2389 855 2470 Κείνης
876 2385 993 2472 πόθῳ·
1016 2381 1140 2475 οὐγὰρ
1163 2387 1267 2477 ίρωτοι

397 2496 539 2591 Κύπρις,
561 2493 699 2589 ἀνιηρόν
721 2497 750 2578 δῖ
777 2505 812 2566 ἐκ
833 2492 936 2589 πυρός
956 2489 1014 2580 ήκε
1035 2499 1141 2584 βέλος.

678 2674 680 2679 ·
797 2647 911 2712 XXIII.

361 2760 416 2844 Τῷ
435 2757 558 2844 θαλληῖ
579 2755 704 2845 Διδύμη
725 2782 766 2848 με
788 2753 1009 2847 συνήρπασεν,
1031 2749 1058 2840 ήί
1079 2778 1151 2843 μοι,
1173 2749 1235 2840 ίγδ
1258 2756 1293 2821 δέ

399 2866 541 2956 τήκομαι
562 2867 605 2948 ὡς
626 2865 726 2959 κηρός
746 2864 815 2958 πάρ
838 2870 916 2958 πυρὶ
938 2864 1059 2946 κάλλος
1080 2864 1176 2956 ὁρῶν.

356 2989 384 3048 εί
398 2984 432 3049 δὲ
447 2983 595 3069 μέλαινα,
608 2983 642 3047 τί
655 2982 768 3059 τοῦπος
791 2982 848 3047 καὶ
865 2975 1051 3067 άνθρακες·
1074 2975 1142 3045 ἀλλ’
1157 2971 1200 3044 ὅτ’
1215 2981 1356 3057 ἐκείνους

399 3089 604 3184 θάλφωμεν,
625 3087 783 3178 λάμπουό
810 3089 853 3170 ὡς
874 3087 988 3178 ῥόδεαι
1009 3085 1151 3166 κάλυκες.

798 3239 915 3304 XXIV.

355 3347 483 3438 Λύχνε,
508 3353 545 3418 σὲ
565 3345 630 3439 γάρ
651 3350 821 3440 παρεούσα
842 3351 913 3440 τρὶς
934 3344 1062 3435 ὤμοσεν
1079 3342 1261 3436 Ἡράκλεια

399 3458 503 3544 ήξειν,
524 3460 603 3550 κούχ
623 3456 710 3543 ήκει·
736 3456 845 3549 λύχνε,
868 3454 910 3528 σύ
931 3457 960 3526 δ’
988 3464 1016 3526 ελ
1037 3453 1121 3537 θεὸς
1142 3454 1179 3539 εἴ,

356 3568 418 3656 τήν
440 3575 556 3654 δολίην
577 3569 765 3660 ἀπάμυνον·
788 3569 871 3640 ὅταν
892 3573 993 3663 φίλον
1014 3572 1110 3637 ίνδον
1132 3573 1253 3656 ίχουσα

284 3727 287 3732 -
400 3685 512 3777 παίζη,
534 3681 759 3771 ἀποσβεσθεὶς
779 3687 893 3769 μηκέτι
915 3684 986 3772 φῶς
1006 3678 1137 3774 πάρεχε.

426 3918 506 3976 Vs.3
522 3919 628 3988 ήδιστον
647 3951 679 3961 -
701 3918 763 3974 ΧΧ.
787 3916 843 3975 Pal.
855 3915 889 3987 V,
907 3919 950 3974 85.
971 3949 1004 3960 -
1025 3915 1098 3974 XXI.
1121 3914 1177 3972 Pal.
1189 3913 1224 3985 V,
1242 3918 1303 3972 2⁰7.
1323 3947 1357 3956 -

357 4003 444 4061 XXII.
462 4003 518 4060 Pal.
531 4002 567 4072 V,
580 4006 639 4062 189.
657 4002 736 4060 VM
751 4012 888 4079 νείυοομαι
904 4001 953 4059 Vl.
965 4006 983 4059 3
995 4000 1056 4058 fort.
1069 4002 1195 4066 Κλεινοῦς
1205 4031 1240 4043 -
1257 4000 1356 4058 XXIII.

356 4088 412 4147 Pal.
426 4089 460 4158 V,
478 4093 539 4147 21⁰.
557 4089 635 4148 Vs.l
654 4089 715 4147 fort.
734 4093 820 4149 κάλλει
839 4123 871 4135 -
889 4086 990 4148 XXIV.
1009 4087 1066 4145 Pal.
1079 4087 1113 4158 V,
1132 4093 1157 4145 7.
