<?xml version="1.0" encoding="UTF-8"?>
<!DOCTYPE html PUBLIC "-//W3C//DTD XHTML 1.0 Transitional//EN"
    "http://www.w3.org/TR/xhtml1/DTD/xhtml1-transitional.dtd">
<html xmlns="http://www.w3.org/1999/xhtml" xml:lang="en" lang="en">
 <head>
  <title>
</title>
<meta http-equiv="Content-Type" content="text/html;charset=utf-8" />
  <meta name='ocr-system' content='tesseract 3.04.00' />
  <meta name='ocr-capabilities' content='ocr_page ocr_carea ocr_par ocr_line ocrx_word'/>
</head>
<body>
  <div class='ocr_page' id='page_1' title='image "./delectuspoetaru00meingoog_0257.png"; bbox 0 0 3028 4826; ppageno 0'>
   <div class='ocr_carea' id='block_1_1' title="bbox 318 441 1001 519">
    <p class='ocr_par' dir='ltr' id='par_1_1' title="bbox 318 441 1001 519">
     <span class='ocr_line' id='line_1_1' title="bbox 318 441 1001 519; baseline 0.003 -17"><span class='ocrx_word' id='word_1_1' title='bbox 318 445 373 502; x_wconf 75' lang='lat' dir='ltr'><strong>rea</strong></span> <span class='ocrx_word' id='word_1_2' title='bbox 661 441 1001 519; x_wconf 58' lang='lat' dir='ltr'><strong>coruscarunt«</strong></span> 
     </span>
    </p>
   </div>
   <div class='ocr_carea' id='block_1_2' title="bbox 247 593 1326 1354">
    <p class='ocr_par' dir='ltr' id='par_1_2' title="bbox 247 593 1326 1354">
     <span class='ocr_line' id='line_1_2' title="bbox 309 593 1322 687; baseline 0.001 -25"><span class='ocrx_word' id='word_1_3' title='bbox 309 593 421 682; x_wconf 83' lang='lat' dir='ltr'><strong>Quod</strong></span> <span class='ocrx_word' id='word_1_4' title='bbox 448 596 560 662; x_wconf 88' lang='lat' dir='ltr'><strong>vitium</strong></span> <span class='ocrx_word' id='word_1_5' title='bbox 593 597 688 661; x_wconf 85' lang='lat' dir='ltr'><strong>etiarn</strong></span> <span class='ocrx_word' id='word_1_6' title='bbox 724 617 761 662; x_wconf 80' lang='lat' dir='ltr'><strong>er</strong></span> <span class='ocrx_word' id='word_1_7' title='bbox 789 595 940 662; x_wconf 90' lang='lat' dir='ltr'><strong>Palladae</strong></span> <span class='ocrx_word' id='word_1_8' title='bbox 972 599 1197 687; x_wconf 81' lang='lat' dir='ltr'><strong>epigrammate</strong></span> <span class='ocrx_word' id='word_1_9' title='bbox 1225 598 1322 664; x_wconf 87' lang='lat' dir='ltr'><strong>Anth.</strong></span> 
     </span>
     <span class='ocr_line' id='line_1_3' title="bbox 305 689 1323 796; baseline 0.002 -24"><span class='ocrx_word' id='word_1_10' title='bbox 305 689 387 772; x_wconf 86' lang='lat' dir='ltr'><strong>¹Pal.</strong></span> <span class='ocrx_word' id='word_1_11' title='bbox 409 707 453 786; x_wconf 88' lang='lat' dir='ltr'><strong>X,</strong></span> <span class='ocrx_word' id='word_1_12' title='bbox 475 707 519 772; x_wconf 84' lang='grc'><strong>84</strong></span> <span class='ocrx_word' id='word_1_13' title='bbox 548 705 735 774; x_wconf 88' lang='lat' dir='ltr'><strong>tollendum.</strong></span> <span class='ocrx_word' id='word_1_14' title='bbox 787 707 839 774; x_wconf 79' lang='lat' dir='ltr'><strong>Ad</strong></span> <span class='ocrx_word' id='word_1_15' title='bbox 864 717 1011 795; x_wconf 90' lang='lat' dir='ltr'><strong>quartum</strong></span> <span class='ocrx_word' id='word_1_16' title='bbox 1033 730 1174 788; x_wconf 90' lang='lat' dir='ltr'><strong>versum,</strong></span> <span class='ocrx_word' id='word_1_17' title='bbox 1202 710 1323 796; x_wconf 92' lang='lat' dir='ltr'><strong>inquo</strong></span> 
     </span>
     <span class='ocr_line' id='line_1_4' title="bbox 320 813 1325 900; baseline 0.001 -16"><span class='ocrx_word' id='word_1_18' title='bbox 320 813 423 895; x_wconf 89' lang='grc' dir='ltr'><strong><em>πόνος</em></strong></span> <span class='ocrx_word' id='word_1_19' title='bbox 443 837 511 884; x_wconf 94' lang='lat' dir='ltr'><strong>non</strong></span> <span class='ocrx_word' id='word_1_20' title='bbox 527 817 568 884; x_wconf 90' lang='lat' dir='ltr'><strong>de</strong></span> <span class='ocrx_word' id='word_1_21' title='bbox 582 819 710 885; x_wconf 86' lang='lat' dir='ltr'><strong>foetore</strong></span> <span class='ocrx_word' id='word_1_22' title='bbox 733 821 860 900; x_wconf 91' lang='lat' dir='ltr'><strong>ossium,</strong></span> <span class='ocrx_word' id='word_1_23' title='bbox 881 818 939 885; x_wconf 88' lang='lat' dir='ltr'><strong>sed</strong></span> <span class='ocrx_word' id='word_1_24' title='bbox 962 818 1002 884; x_wconf 90' lang='lat' dir='ltr'><strong>de</strong></span> <span class='ocrx_word' id='word_1_25' title='bbox 1018 819 1132 886; x_wconf 88' lang='lat' dir='ltr'><strong>dolore</strong></span> <span class='ocrx_word' id='word_1_26' title='bbox 1150 829 1183 884; x_wconf 91' lang='lat' dir='ltr'><strong>et</strong></span> <span class='ocrx_word' id='word_1_27' title='bbox 1197 823 1325 886; x_wconf 87' lang='lat' dir='ltr'><strong>misera-</strong></span> 
     </span>
     <span class='ocr_line' id='line_1_5' title="bbox 247 930 1324 1019; baseline 0.004 -25"><span class='ocrx_word' id='word_1_28' title='bbox 247 947 251 951; x_wconf 82' lang='lat'><em>·</em></span> <span class='ocrx_word' id='word_1_29' title='bbox 321 932 410 995; x_wconf 93' lang='lat' dir='ltr'><strong>tione</strong></span> <span class='ocrx_word' id='word_1_30' title='bbox 431 933 702 1016; x_wconf 84' lang='lat' dir='ltr'><strong>praetereuntium</strong></span> <span class='ocrx_word' id='word_1_31' title='bbox 718 930 990 1018; x_wconf 88' lang='lat' dir='ltr'><strong>interpretandum</strong></span> <span class='ocrx_word' id='word_1_32' title='bbox 1004 930 1140 1011; x_wconf 88' lang='lat' dir='ltr'><strong>videtur,</strong></span> <span class='ocrx_word' id='word_1_33' title='bbox 1162 934 1324 1019; x_wconf 82' lang='lat' dir='ltr'><strong>aptissime</strong></span> 
     </span>
     <span class='ocr_line' id='line_1_6' title="bbox 321 1041 1326 1130; baseline 0.003 -25"><span class='ocrx_word' id='word_1_34' title='bbox 321 1041 462 1107; x_wconf 81' lang='lat' dir='ltr'><strong>conferri</strong></span> <span class='ocrx_word' id='word_1_35' title='bbox 482 1051 593 1128; x_wconf 90' lang='lat' dir='ltr'><strong>potest</strong></span> <span class='ocrx_word' id='word_1_36' title='bbox 614 1041 810 1130; x_wconf 83' lang='lat' dir='ltr'><strong>Crinagoras</strong></span> <span class='ocrx_word' id='word_1_37' title='bbox 833 1042 928 1107; x_wconf 90' lang='lat' dir='ltr'><strong>Anth.</strong></span> <span class='ocrx_word' id='word_1_38' title='bbox 952 1041 1018 1107; x_wconf 90' lang='lat' dir='ltr'><strong>Pal.</strong></span> <span class='ocrx_word' id='word_1_39' title='bbox 1036 1043 1088 1122; x_wconf 84' lang='lat' dir='ltr'><strong>lx,</strong></span> <span class='ocrx_word' id='word_1_40' title='bbox 1106 1043 1171 1108; x_wconf 77' lang='lat'><strong>439</strong></span> <span class='ocrx_word' id='word_1_41' title='bbox 1194 1042 1235 1107; x_wconf 90' lang='lat' dir='ltr'><strong>de</strong></span> <span class='ocrx_word' id='word_1_42' title='bbox 1258 1065 1326 1108; x_wconf 89' lang='lat' dir='ltr'><strong>cra-</strong></span> 
     </span>
     <span class='ocr_line' id='line_1_7' title="bbox 320 1147 1325 1240; baseline 0.002 -22"><span class='ocrx_word' id='word_1_43' title='bbox 320 1155 377 1218; x_wconf 94' lang='lat' dir='ltr'><strong>nio</strong></span> <span class='ocrx_word' id='word_1_44' title='bbox 405 1155 440 1218; x_wconf 92' lang='lat' dir='ltr'><strong>in</strong></span> <span class='ocrx_word' id='word_1_45' title='bbox 461 1155 514 1217; x_wconf 84' lang='lat' dir='ltr'><strong>via</strong></span> <span class='ocrx_word' id='word_1_46' title='bbox 540 1155 651 1240; x_wconf 90' lang='lat' dir='ltr'><strong>posito</strong></span> <span class='ocrx_word' id='word_1_47' title='bbox 681 1153 804 1218; x_wconf 88' lang='lat' dir='ltr'><strong>dicens:</strong></span> <span class='ocrx_word' id='word_1_48' title='bbox 832 1147 1038 1240; x_wconf 80' lang='grc' dir='ltr'><strong><em>ἀτυμβεότοο</em></strong></span> <span class='ocrx_word' id='word_1_49' title='bbox 1065 1148 1232 1220; x_wconf 79' lang='grc' dir='ltr'><strong><em>θανάτοιο</em></strong></span> <span class='ocrx_word' id='word_1_50' title='bbox 1258 1155 1325 1220; x_wconf 89' lang='grc' dir='ltr'><strong><em>λεί-</em></strong></span> 
     </span>
     <span class='ocr_line' id='line_1_8' title="bbox 320 1259 1287 1354; baseline 0.001 -24"><span class='ocrx_word' id='word_1_51' title='bbox 320 1280 434 1350; x_wconf 81' lang='grc' dir='ltr'><strong><em>ψανον</em></strong></span> <span class='ocrx_word' id='word_1_52' title='bbox 455 1259 596 1331; x_wconf 84' lang='grc' dir='ltr'><strong><em>τίνόὸιον</em></strong></span> <span class='ocrx_word' id='word_1_53' title='bbox 616 1263 694 1354; x_wconf 78' lang='lat' dir='ltr'><strong>(leg.</strong></span> <span class='ocrx_word' id='word_1_54' title='bbox 717 1264 878 1347; x_wconf 84' lang='grc' dir='ltr'><strong><em>ελνοὸίων)</em></strong></span> <span class='ocrx_word' id='word_1_55' title='bbox 903 1259 1006 1354; x_wconf 82' lang='grc' dir='ltr'><em>δάκρυ</em></span> <span class='ocrx_word' id='word_1_56' title='bbox 1026 1268 1287 1352; x_wconf 82' lang='grc' dir='ltr'><strong><em>παρερχομένων.</em></strong></span> 
     </span>
    </p>
   </div>
   <div class='ocr_carea' id='block_1_3' title="bbox 607 1537 1036 1609">
    <p class='ocr_par' dir='ltr' id='par_1_3' title="bbox 607 1537 1036 1609">
     <span class='ocr_line' id='line_1_9' title="bbox 607 1537 1036 1609; baseline -0.002 -16"><span class='ocrx_word' id='word_1_57' title='bbox 607 1541 801 1594; x_wconf 76' lang='lat' dir='ltr'><strong>anonmrns</strong></span> <span class='ocrx_word' id='word_1_58' title='bbox 818 1541 878 1592; x_wconf 78' lang='lat' dir='ltr'><strong>rar.</strong></span> <span class='ocrx_word' id='word_1_59' title='bbox 888 1541 956 1609; x_wconf 89' lang='lat' dir='ltr'><strong>vn,</strong></span> <span class='ocrx_word' id='word_1_60' title='bbox 973 1537 1036 1592; x_wconf 77' lang='lat' dir='ltr'><strong>eoo.</strong></span> 
     </span>
    </p>
   </div>
   <div class='ocr_carea' id='block_1_4' title="bbox 365 1647 1294 2298">
    <p class='ocr_par' dir='ltr' id='par_1_4' title="bbox 365 1647 1204 1857">
     <span class='ocr_line' id='line_1_10' title="bbox 365 1647 1204 1732; baseline -0.001 -12"><span class='ocrx_word' id='word_1_61' title='bbox 365 1654 451 1720; x_wconf 82' lang='grc' dir='ltr'><strong><em>Αίαῑ</em></strong></span> <span class='ocrx_word' id='word_1_62' title='bbox 472 1656 571 1721; x_wconf 81' lang='grc' dir='ltr'><strong><em>τοῦτο</em></strong></span> <span class='ocrx_word' id='word_1_63' title='bbox 593 1649 762 1732; x_wconf 79' lang='grc' dir='ltr'><strong><em>κάκιστον,</em></strong></span> <span class='ocrx_word' id='word_1_64' title='bbox 786 1647 869 1719; x_wconf 89' lang='grc' dir='ltr'><strong><em>όταν</em></strong></span> <span class='ocrx_word' id='word_1_65' title='bbox 889 1654 1026 1719; x_wconf 86' lang='grc' dir='ltr'><strong><em>κλαίασι</em></strong></span> <span class='ocrx_word' id='word_1_66' title='bbox 1047 1649 1204 1720; x_wconf 78' lang='grc' dir='ltr'><strong><em>θανόντα</em></strong></span> 
     </span>
     <span class='ocr_line' id='line_1_11' title="bbox 409 1759 1179 1857; baseline -0.004 -25"><span class='ocrx_word' id='word_1_67' title='bbox 409 1767 554 1857; x_wconf 78' lang='grc' dir='ltr'><strong><em>νυμφίον</em></strong></span> <span class='ocrx_word' id='word_1_68' title='bbox 574 1759 598 1847; x_wconf 77' lang='grc' dir='ltr'><strong><em>ἢ</em></strong></span> <span class='ocrx_word' id='word_1_69' title='bbox 618 1760 768 1857; x_wconf 82' lang='grc' dir='ltr'><strong><em>νύμφην·</em></strong></span> <span class='ocrx_word' id='word_1_70' title='bbox 790 1761 889 1845; x_wconf 79' lang='grc' dir='ltr'><strong><em>ἡνίκα</em></strong></span> <span class='ocrx_word' id='word_1_71' title='bbox 911 1762 942 1830; x_wconf 82' lang='grc' dir='ltr'><strong>δ’</strong></span> <span class='ocrx_word' id='word_1_72' title='bbox 961 1761 1179 1856; x_wconf 81' lang='grc' dir='ltr'><strong><em>ἀμφοτέρους,</em></strong></span> 
     </span>
    </p>

    <p class='ocr_par' dir='ltr' id='par_1_5' title="bbox 366 1867 1268 2078">
     <span class='ocr_line' id='line_1_12' title="bbox 366 1867 1268 1962; baseline 0.002 -20"><span class='ocrx_word' id='word_1_73' title='bbox 366 1871 512 1944; x_wconf 78' lang='grc' dir='ltr'><strong><em>Εὔπολιν</em></strong></span> <span class='ocrx_word' id='word_1_74' title='bbox 533 1873 577 1954; x_wconf 85' lang='grc' dir='ltr'><strong>ὡς</strong></span> <span class='ocrx_word' id='word_1_75' title='bbox 598 1870 738 1962; x_wconf 75' lang='grc' dir='ltr'><strong><em>ἀγαθήν</em></strong></span> <span class='ocrx_word' id='word_1_76' title='bbox 760 1899 794 1943; x_wconf 87' lang='grc' dir='ltr'><strong>τε</strong></span> <span class='ocrx_word' id='word_1_77' title='bbox 815 1878 1015 1956; x_wconf 77' lang='grc' dir='ltr'><strong><em>Λυααίνιον,</em></strong></span> <span class='ocrx_word' id='word_1_78' title='bbox 1044 1867 1091 1942; x_wconf 83' lang='grc' dir='ltr'><strong><em>ὧν</em></strong></span> <span class='ocrx_word' id='word_1_79' title='bbox 1110 1873 1268 1962; x_wconf 78' lang='grc' dir='ltr'><strong><em>ὑμέναιον</em></strong></span> 
     </span>
     <span class='ocr_line' id='line_1_13' title="bbox 409 1981 1161 2078; baseline -0.003 -23"><span class='ocrx_word' id='word_1_80' title='bbox 409 1988 543 2073; x_wconf 72' lang='grc' dir='ltr'><strong><em>ἔσβεσεν</em></strong></span> <span class='ocrx_word' id='word_1_81' title='bbox 564 1993 600 2055; x_wconf 78' lang='grc' dir='ltr'><strong><em>ἐν</em></strong></span> <span class='ocrx_word' id='word_1_82' title='bbox 621 1983 730 2078; x_wconf 76' lang='grc' dir='ltr'><strong><em>πρώτῃ</em></strong></span> <span class='ocrx_word' id='word_1_83' title='bbox 751 1989 843 2055; x_wconf 88' lang='grc' dir='ltr'><strong><em>νυκτὶ</em></strong></span> <span class='ocrx_word' id='word_1_84' title='bbox 863 1981 972 2053; x_wconf 77' lang='grc' dir='ltr'><strong><em>πεσόν</em></strong></span> <span class='ocrx_word' id='word_1_85' title='bbox 993 1983 1161 2074; x_wconf 82' lang='grc' dir='ltr'><strong><em>θάλαμος,</em></strong></span> 
     </span>
    </p>

    <p class='ocr_par' dir='ltr' id='par_1_6' title="bbox 366 2089 1294 2298">
     <span class='ocr_line' id='line_1_14' title="bbox 366 2089 1294 2186; baseline 0.001 -19"><span class='ocrx_word' id='word_1_86' title='bbox 366 2097 425 2167; x_wconf 81' lang='grc' dir='ltr'><strong>οὐκ</strong></span> <span class='ocrx_word' id='word_1_87' title='bbox 447 2093 536 2184; x_wconf 67' lang='lat' dir='ltr'><strong>tato</strong></span> <span class='ocrx_word' id='word_1_88' title='bbox 558 2094 633 2165; x_wconf 84' lang='grc' dir='ltr'><strong><em>τόδε</em></strong></span> <span class='ocrx_word' id='word_1_89' title='bbox 655 2100 783 2176; x_wconf 87' lang='grc' dir='ltr'><strong><em>πένθος</em></strong></span> <span class='ocrx_word' id='word_1_90' title='bbox 804 2094 999 2185; x_wconf 88' lang='grc' dir='ltr'><strong><em>ίσόρροπον,</em></strong></span> <span class='ocrx_word' id='word_1_91' title='bbox 1020 2089 1047 2184; x_wconf 77' lang='grc' dir='ltr'><em>ᾦ</em></span> <span class='ocrx_word' id='word_1_92' title='bbox 1071 2093 1112 2165; x_wconf 75' lang='grc' dir='ltr'><strong>σι)</strong></span> <span class='ocrx_word' id='word_1_93' title='bbox 1131 2101 1193 2186; x_wconf 83' lang='grc' dir='ltr'><strong><em>μίν</em></strong></span> <span class='ocrx_word' id='word_1_94' title='bbox 1213 2097 1294 2181; x_wconf 84' lang='grc' dir='ltr'><strong><em>υἱόν,</em></strong></span> 
     </span>
     <span class='ocr_line' id='line_1_15' title="bbox 410 2204 1175 2298; baseline -0.001 -21"><span class='ocrx_word' id='word_1_95' title='bbox 410 2212 506 2289; x_wconf 83' lang='grc' dir='ltr'><strong><em>Νῖκι,</em></strong></span> <span class='ocrx_word' id='word_1_96' title='bbox 529 2205 570 2278; x_wconf 79' lang='grc' dir='ltr'><strong><em>σν)</em></strong></span> <span class='ocrx_word' id='word_1_97' title='bbox 592 2208 623 2276; x_wconf 83' lang='grc' dir='ltr'><strong>δ’</strong></span> <span class='ocrx_word' id='word_1_98' title='bbox 642 2211 816 2288; x_wconf 67' lang='grc' dir='ltr'><strong><em>ἔκλαυσας,</em></strong></span> <span class='ocrx_word' id='word_1_99' title='bbox 838 2204 970 2289; x_wconf 83' lang='grc' dir='ltr'><strong><em>Εὕόικε,</em></strong></span> <span class='ocrx_word' id='word_1_100' title='bbox 992 2211 1175 2298; x_wconf 74' lang='grc' dir='ltr'><strong><em>θυγατέρα.</em></strong></span> 
     </span>
    </p>
   </div>
   <div class='ocr_carea' id='block_1_5' title="bbox 322 2344 1327 3440">
    <p class='ocr_par' dir='ltr' id='par_1_7' title="bbox 322 2344 1327 3440">
     <span class='ocr_line' id='line_1_16' title="bbox 322 2344 1327 2432; baseline 0.003 -24"><span class='ocrx_word' id='word_1_101' title='bbox 322 2347 430 2410; x_wconf 88' lang='lat' dir='ltr'><strong>Versu</strong></span> <span class='ocrx_word' id='word_1_102' title='bbox 451 2348 563 2432; x_wconf 87' lang='lat' dir='ltr'><strong>quinto</strong></span> <span class='ocrx_word' id='word_1_103' title='bbox 585 2344 664 2410; x_wconf 91' lang='lat' dir='ltr'><strong>nihil</strong></span> <span class='ocrx_word' id='word_1_104' title='bbox 686 2366 817 2411; x_wconf 84' lang='lat' dir='ltr'><strong>caussae</strong></span> <span class='ocrx_word' id='word_1_105' title='bbox 839 2354 907 2410; x_wconf 90' lang='lat' dir='ltr'><strong>erat</strong></span> <span class='ocrx_word' id='word_1_106' title='bbox 928 2349 985 2411; x_wconf 90' lang='lat' dir='ltr'><strong>cur&#39;</strong></span> <span class='ocrx_word' id='word_1_107' title='bbox 1005 2344 1210 2411; x_wconf 86' lang='lat' dir='ltr'><strong>recederetur</strong></span> <span class='ocrx_word' id='word_1_108' title='bbox 1231 2367 1251 2410; x_wconf 88' lang='lat' dir='ltr'><strong>a</strong></span> <span class='ocrx_word' id='word_1_109' title='bbox 1273 2368 1327 2411; x_wconf 93' lang='lat' dir='ltr'><strong>co-</strong></span> 
     </span>
     <span class='ocr_line' id='line_1_17' title="bbox 323 2449 1326 2544; baseline -0.003 -21"><span class='ocrx_word' id='word_1_110' title='bbox 323 2457 401 2523; x_wconf 91' lang='lat' dir='ltr'><strong>dicis</strong></span> <span class='ocrx_word' id='word_1_111' title='bbox 424 2459 580 2544; x_wconf 88' lang='lat' dir='ltr'><strong>scriptura</strong></span> <span class='ocrx_word' id='word_1_112' title='bbox 608 2453 651 2534; x_wconf 83' lang='grc' dir='ltr'><strong>ὡς</strong></span> <span class='ocrx_word' id='word_1_113' title='bbox 673 2449 728 2535; x_wconf 80' lang='grc' dir='ltr'><strong>σύ,</strong></span> <span class='ocrx_word' id='word_1_114' title='bbox 757 2458 785 2520; x_wconf 96' lang='lat' dir='ltr'><strong>si</strong></span> <span class='ocrx_word' id='word_1_115' title='bbox 808 2455 887 2542; x_wconf 92' lang='lat' dir='ltr'><strong>quid</strong></span> <span class='ocrx_word' id='word_1_116' title='bbox 908 2464 1014 2521; x_wconf 89' lang='lat' dir='ltr'><strong>tamen</strong></span> <span class='ocrx_word' id='word_1_117' title='bbox 1035 2454 1234 2536; x_wconf 90' lang='lat' dir='ltr'><strong>mutandum,</strong></span> <span class='ocrx_word' id='word_1_118' title='bbox 1261 2478 1326 2521; x_wconf 88' lang='lat' dir='ltr'><strong>ma-</strong></span> 
     </span>
     <span class='ocr_line' id='line_1_18' title="bbox 322 2556 1326 2655; baseline -0.002 -22"><span class='ocrx_word' id='word_1_119' title='bbox 322 2569 377 2633; x_wconf 91' lang='lat' dir='ltr'><strong>lim</strong></span> <span class='ocrx_word' id='word_1_120' title='bbox 405 2559 452 2634; x_wconf 84' lang='grc' dir='ltr'><strong><em>ὦν</em></strong></span> <span class='ocrx_word' id='word_1_121' title='bbox 473 2567 614 2633; x_wconf 89' lang='lat' dir='ltr'><strong>scrihere</strong></span> <span class='ocrx_word' id='word_1_122' title='bbox 637 2589 731 2655; x_wconf 83' lang='lat' dir='ltr'><strong>quam</strong></span> <span class='ocrx_word' id='word_1_123' title='bbox 751 2556 794 2653; x_wconf 76' lang='grc' dir='ltr'><strong>ᾧ,</strong></span> <span class='ocrx_word' id='word_1_124' title='bbox 819 2566 975 2654; x_wconf 86' lang='lat' dir='ltr'><strong>siquidem</strong></span> <span class='ocrx_word' id='word_1_125' title='bbox 997 2569 1115 2633; x_wconf 86' lang='grc' dir='ltr'><strong><em>πένθει</em></strong></span> <span class='ocrx_word' id='word_1_126' title='bbox 1136 2561 1211 2633; x_wconf 78' lang='grc' dir='ltr'><strong><em>τινὰ</em></strong></span> <span class='ocrx_word' id='word_1_127' title='bbox 1232 2568 1326 2633; x_wconf 88' lang='grc' dir='ltr'><strong><em>κλαί-</em></strong></span> 
     </span>
     <span class='ocr_line' id='line_1_19' title="bbox 323 2677 1326 2746; baseline -0.004 0"><span class='ocrx_word' id='word_1_128' title='bbox 323 2701 371 2746; x_wconf 83' lang='grc' dir='ltr'><strong><em>ειν</em></strong></span> <span class='ocrx_word' id='word_1_129' title='bbox 391 2683 443 2744; x_wconf 84' lang='lat' dir='ltr'><strong>vix</strong></span> <span class='ocrx_word' id='word_1_130' title='bbox 469 2690 556 2745; x_wconf 88' lang='lat' dir='ltr'><strong>recte</strong></span> <span class='ocrx_word' id='word_1_131' title='bbox 578 2677 703 2746; x_wconf 87' lang='lat' dir='ltr'><strong>dicitur.</strong></span> <span class='ocrx_word' id='word_1_132' title='bbox 753 2677 799 2744; x_wconf 85' lang='lat' dir='ltr'><strong>At</strong></span> <span class='ocrx_word' id='word_1_133' title='bbox 825 2680 941 2744; x_wconf 90' lang='lat' dir='ltr'><strong>merito</strong></span> <span class='ocrx_word' id='word_1_134' title='bbox 962 2678 1133 2745; x_wconf 86' lang='lat' dir='ltr'><strong>Jacobsius</strong></span> <span class='ocrx_word' id='word_1_135' title='bbox 1159 2678 1271 2743; x_wconf 89' lang='lat' dir='ltr'><strong>haeret</strong></span> <span class='ocrx_word' id='word_1_136' title='bbox 1291 2680 1326 2742; x_wconf 90' lang='lat' dir='ltr'><strong>in</strong></span> 
     </span>
     <span class='ocr_line' id='line_1_20' title="bbox 323 2788 1326 2883; baseline -0.003 -26"><span class='ocrx_word' id='word_1_137' title='bbox 323 2790 435 2857; x_wconf 90' lang='lat' dir='ltr'><strong>ultimo</strong></span> <span class='ocrx_word' id='word_1_138' title='bbox 463 2811 575 2868; x_wconf 89' lang='lat' dir='ltr'><strong>versu;</strong></span> <span class='ocrx_word' id='word_1_139' title='bbox 608 2790 666 2856; x_wconf 90' lang='lat' dir='ltr'><strong>sed</strong></span> <span class='ocrx_word' id='word_1_140' title='bbox 694 2812 805 2883; x_wconf 86' lang='lat' dir='ltr'><strong>parum</strong></span> <span class='ocrx_word' id='word_1_141' title='bbox 831 2788 1070 2877; x_wconf 82' lang='lat' dir='ltr'><strong>probabilitatis</strong></span> <span class='ocrx_word' id='word_1_142' title='bbox 1103 2790 1200 2855; x_wconf 89' lang='lat' dir='ltr'><strong>hahet</strong></span> <span class='ocrx_word' id='word_1_143' title='bbox 1232 2811 1326 2876; x_wconf 89' lang='lat' dir='ltr'><strong>quam</strong></span> 
     </span>
     <span class='ocr_line' id='line_1_21' title="bbox 322 2893 1326 2989; baseline 0.001 -23"><span class='ocrx_word' id='word_1_144' title='bbox 322 2903 493 2989; x_wconf 89' lang='lat' dir='ltr'><strong>proposuit</strong></span> <span class='ocrx_word' id='word_1_145' title='bbox 513 2901 641 2969; x_wconf 87' lang='lat' dir='ltr'><strong>illorum</strong></span> <span class='ocrx_word' id='word_1_146' title='bbox 654 2902 826 2969; x_wconf 86' lang='lat' dir='ltr'><strong>verborum</strong></span> <span class='ocrx_word' id='word_1_147' title='bbox 842 2904 1083 2980; x_wconf 87' lang='lat' dir='ltr'><strong>correctionem,</strong></span> <span class='ocrx_word' id='word_1_148' title='bbox 1104 2893 1146 2966; x_wconf 84' lang='grc' dir='ltr'>σύ</span> <span class='ocrx_word' id='word_1_149' title='bbox 1167 2897 1197 2966; x_wconf 83' lang='grc' dir='ltr'><strong>δ’</strong></span> <span class='ocrx_word' id='word_1_150' title='bbox 1212 2902 1326 2967; x_wconf 68' lang='lat' dir='ltr'><strong>otae</strong></span> 
     </span>
     <span class='ocr_line' id='line_1_22' title="bbox 323 3005 1326 3104; baseline -0.004 -24"><span class='ocrx_word' id='word_1_151' title='bbox 323 3036 394 3092; x_wconf 87' lang='grc' dir='ltr'><strong><em>σας,</em></strong></span> <span class='ocrx_word' id='word_1_152' title='bbox 417 3013 489 3104; x_wconf 84' lang='grc' dir='ltr'><strong><em>φεῦ,</em></strong></span> <span class='ocrx_word' id='word_1_153' title='bbox 509 3009 601 3078; x_wconf 83' lang='grc' dir='ltr'><strong><em>Λόνε</em></strong></span> <span class='ocrx_word' id='word_1_154' title='bbox 623 3013 806 3101; x_wconf 73' lang='grc' dir='ltr'><strong><em>θυγατέρα.</em></strong></span> <span class='ocrx_word' id='word_1_155' title='bbox 840 3014 921 3079; x_wconf 89' lang='lat' dir='ltr'><strong>Mihi</strong></span> <span class='ocrx_word' id='word_1_156' title='bbox 942 3035 1003 3100; x_wconf 94' lang='lat' dir='ltr'><strong>pro</strong></span> <span class='ocrx_word' id='word_1_157' title='bbox 1019 3005 1136 3078; x_wconf 70' lang='lat' dir='ltr'><strong>Eirieus</strong></span> <span class='ocrx_word' id='word_1_158' title='bbox 1151 3021 1206 3078; x_wconf 90' lang='lat' dir='ltr'><strong>aut</strong></span> <span class='ocrx_word' id='word_1_159' title='bbox 1218 3007 1326 3078; x_wconf 86' lang='grc' dir='ltr'><strong><em>Κλεό-</em></strong></span> 
     </span>
     <span class='ocr_line' id='line_1_23' title="bbox 323 3121 1326 3206; baseline -0.002 -16"><span class='ocrx_word' id='word_1_160' title='bbox 323 3126 390 3190; x_wconf 82' lang='grc' dir='ltr'><strong><em>δικε</em></strong></span> <span class='ocrx_word' id='word_1_161' title='bbox 411 3123 615 3190; x_wconf 86' lang='lat' dir='ltr'><strong>scribendum</strong></span> <span class='ocrx_word' id='word_1_162' title='bbox 636 3124 839 3206; x_wconf 81' lang='lat' dir='ltr'><strong>videturaut</strong></span> <span class='ocrx_word' id='word_1_163' title='bbox 856 3121 998 3191; x_wconf 82' lang='grc' dir='ltr'><strong><em>Θεόὸικε.</em></strong></span> <span class='ocrx_word' id='word_1_164' title='bbox 1041 3124 1149 3190; x_wconf 89' lang='lat' dir='ltr'><strong>Notae</strong></span> <span class='ocrx_word' id='word_1_165' title='bbox 1171 3133 1246 3188; x_wconf 87' lang='lat' dir='ltr'><strong>sunt</strong></span> <span class='ocrx_word' id='word_1_166' title='bbox 1267 3144 1326 3189; x_wconf 93' lang='lat' dir='ltr'><strong>no-</strong></span> 
     </span>
     <span class='ocr_line' id='line_1_24' title="bbox 323 3229 1326 3324; baseline -0.002 -22"><span class='ocrx_word' id='word_1_167' title='bbox 323 3239 440 3303; x_wconf 91' lang='lat' dir='ltr'><strong>minum</strong></span> <span class='ocrx_word' id='word_1_168' title='bbox 468 3238 672 3324; x_wconf 92' lang='lat' dir='ltr'><strong>propriorum</strong></span> <span class='ocrx_word' id='word_1_169' title='bbox 700 3236 837 3318; x_wconf 81' lang='lat' dir='ltr'><strong>formae,</strong></span> <span class='ocrx_word' id='word_1_170' title='bbox 869 3236 1018 3321; x_wconf 82' lang='grc' dir='ltr'><strong><em>Θεῦχνις,</em></strong></span> <span class='ocrx_word' id='word_1_171' title='bbox 1044 3230 1220 3315; x_wconf 82' lang='grc' dir='ltr'><strong><em>Θεόδοτος,</em></strong></span> <span class='ocrx_word' id='word_1_172' title='bbox 1245 3229 1326 3301; x_wconf 86' lang='grc' dir='ltr'><strong><em>Θεό-</em></strong></span> 
     </span>
     <span class='ocr_line' id='line_1_25' title="bbox 323 3343 738 3440; baseline 0.002 -27"><span class='ocrx_word' id='word_1_173' title='bbox 323 3371 440 3436; x_wconf 87' lang='grc' dir='ltr'><strong><em>μορος,</em></strong></span> <span class='ocrx_word' id='word_1_174' title='bbox 466 3343 643 3440; x_wconf 81' lang='grc' dir='ltr'><strong><em>Θεόφιλος,</em></strong></span> <span class='ocrx_word' id='word_1_175' title='bbox 667 3348 738 3414; x_wconf 82' lang='lat' dir='ltr'><strong>alia.</strong></span> 
     </span>
    </p>
   </div>
   <div class='ocr_carea' id='block_1_6' title="bbox 274 3615 1384 4160">
    <p class='ocr_par' dir='ltr' id='par_1_8' title="bbox 274 3615 1384 4160">
     <span class='ocr_line' id='line_1_26' title="bbox 609 3615 1038 3687; baseline -0.005 -14"><span class='ocrx_word' id='word_1_176' title='bbox 609 3621 957 3687; x_wconf 68' lang='lat' dir='ltr'><strong>monitionum,</strong></span> <span class='ocrx_word' id='word_1_177' title='bbox 975 3615 1038 3672; x_wconf 80' lang='lat'><strong>431.</strong></span> 
     </span>
     <span class='ocr_line' id='line_1_27' title="bbox 274 3729 1384 3828; baseline -0.001 -29"><span class='ocrx_word' id='word_1_178' title='bbox 274 3824 276 3828; x_wconf 11' lang='lat' dir='ltr'><em>V</em></span> <span class='ocrx_word' id='word_1_179' title='bbox 372 3731 448 3800; x_wconf 84' lang='grc' dir='ltr'><strong>Θίὸε</strong></span> <span class='ocrx_word' id='word_1_180' title='bbox 470 3729 663 3821; x_wconf 87' lang='grc' dir='ltr'><strong><em>τριηκόσιοι,</em></strong></span> <span class='ocrx_word' id='word_1_181' title='bbox 684 3730 834 3822; x_wconf 80' lang='grc' dir='ltr'><strong><em>Σπάρτα</em></strong></span> <span class='ocrx_word' id='word_1_182' title='bbox 855 3735 971 3821; x_wconf 89' lang='grc' dir='ltr'><strong><em>πατρί,</em></strong></span> <span class='ocrx_word' id='word_1_183' title='bbox 992 3738 1063 3811; x_wconf 80' lang='grc' dir='ltr'><strong><em>τοῖς</em></strong></span> <span class='ocrx_word' id='word_1_184' title='bbox 1084 3731 1307 3820; x_wconf 85' lang='grc' dir='ltr'><strong><em>συναρίθμοις</em></strong></span> <span class='ocrx_word' id='word_1_185' title='bbox 1380 3747 1384 3754; x_wconf 80' lang='grc'><strong>“</strong></span> 
     </span>
     <span class='ocr_line' id='line_1_28' title="bbox 409 3839 1256 3936; baseline 0 -26"><span class='ocrx_word' id='word_1_186' title='bbox 409 3843 586 3932; x_wconf 81' lang='grc' dir='ltr'><strong><em>Ἰναχίδαις</em></strong></span> <span class='ocrx_word' id='word_1_187' title='bbox 612 3845 740 3932; x_wconf 78' lang='grc' dir='ltr'><strong><em>Θυρέαν</em></strong></span> <span class='ocrx_word' id='word_1_188' title='bbox 761 3841 851 3936; x_wconf 83' lang='grc' dir='ltr'><strong><em>ἀμφὶ</em></strong></span> <span class='ocrx_word' id='word_1_189' title='bbox 875 3839 1127 3932; x_wconf 81' lang='grc' dir='ltr'><strong><em>μαχεσσάμενοι,</em></strong></span> <span class='ocrx_word' id='word_1_190' title='bbox 1254 3872 1256 3876; x_wconf 64' lang='grc'>’</span> 
     </span>
     <span class='ocr_line' id='line_1_29' title="bbox 369 3950 1283 4048; baseline 0.002 -28"><span class='ocrx_word' id='word_1_191' title='bbox 369 3953 508 4042; x_wconf 82' lang='grc' dir='ltr'><strong><em>αὐχένας</em></strong></span> <span class='ocrx_word' id='word_1_192' title='bbox 529 3953 570 4023; x_wconf 81' lang='grc' dir='ltr'><strong>οὐ</strong></span> <span class='ocrx_word' id='word_1_193' title='bbox 591 3960 806 4048; x_wconf 81' lang='grc' dir='ltr'><strong><em>στρέψαντες,</em></strong></span> <span class='ocrx_word' id='word_1_194' title='bbox 832 3951 901 4042; x_wconf 79' lang='grc' dir='ltr'><strong>ὅπα</strong></span> <span class='ocrx_word' id='word_1_195' title='bbox 922 3950 1025 4034; x_wconf 82' lang='grc' dir='ltr'><strong><em>ποδός</em></strong></span> <span class='ocrx_word' id='word_1_196' title='bbox 1045 3959 1133 4042; x_wconf 82' lang='grc' dir='ltr'><strong><em>ἴχνια</em></strong></span> <span class='ocrx_word' id='word_1_197' title='bbox 1154 3957 1283 4045; x_wconf 81' lang='grc' dir='ltr'><strong><em>πρᾶτον</em></strong></span> 
     </span>
     <span class='ocr_line' id='line_1_30' title="bbox 330 4062 1139 4160; baseline -0.001 -28"><span class='ocrx_word' id='word_1_198' title='bbox 330 4150 333 4160; x_wconf 28' lang='grc' dir='ltr'>Ι</span> <span class='ocrx_word' id='word_1_199' title='bbox 412 4063 623 4157; x_wconf 76' lang='grc' dir='ltr'><strong><em>ἁρμόσαμεν,</em></strong></span> <span class='ocrx_word' id='word_1_200' title='bbox 645 4063 751 4153; x_wconf 80' lang='grc' dir='ltr'><strong><em>ταότφ</em></strong></span> <span class='ocrx_word' id='word_1_201' title='bbox 771 4069 828 4136; x_wconf 84' lang='grc' dir='ltr'><strong>καὶ</strong></span> <span class='ocrx_word' id='word_1_202' title='bbox 849 4069 988 4154; x_wconf 83' lang='grc' dir='ltr'><strong><em>λίπομεν</em></strong></span> <span class='ocrx_word' id='word_1_203' title='bbox 1010 4062 1139 4152; x_wconf 79' lang='grc' dir='ltr'><strong><em>βιοτάν.</em></strong></span> 
     </span>
    </p>
   </div>
   <div class='ocr_carea' id='block_1_7' title="bbox 0 0 1523 4826">
    <p class='ocr_par' dir='ltr' id='par_1_9' title="bbox 0 0 1523 4826">
     <span class='ocr_line' id='line_1_31' title="bbox 0 0 1523 4826; baseline 0 0"><span class='ocrx_word' id='word_1_204' title='bbox 0 0 1523 4826; x_wconf 95' lang='lat' dir='ltr'><strong> </strong></span> 
     </span>
    </p>
   </div>
  </div>
 </body>
</html>
