3026 4816
348 469 350 474 '
433 457 691 516 Annorlrlo
715 457 902 518 Clil'llCA.
1118 462 1170 519 116

168 613 255 679 cruci
277 614 313 676 αἱ
335 605 505 701 φάλαγγες
525 611 582 675 καὶ
603 604 740 696 εὕχιιρες
752 603 838 675 κατὰ
851 603 913 693 τὴν
930 607 1088 692 Ἀθηνᾶν
1108 606 1171 694 τὴν

169 717 311 809 ἐργάνην
339 745 374 786 τε
399 723 455 788 καὶ
482 729 614 802 πηνῖτιν
634 716 734 787 θεάν.
783 722 867 786 Hinc
888 725 983 787 etiam
1004 723 1169 790 Leonidae

16 927 21 952 μ
98 919 109 929 .
169 833 295 900 reddidi
315 833 469 900 πανίτιὸι.
489 832 578 900 ·Clr.
601 832 642 898 ad
663 833 863 920 Euphorion.
886 835 1010 924 Fragm.
1035 834 1146 902 CLXI.

230 976 233 986 ·
254 946 294 1010 X.
331 946 427 1011 ven
449 944 619 1035 legebatur
641 938 795 1030 ἄγκειται,
817 945 948 1011 κυνικοῦ
969 948 1073 1013 σκῦλα
1094 950 1169 1013 Πο-

170 1051 342 1145 σωχάρεος.
375 1057 491 1144 Neque
513 1056 606 1122 ahter
627 1058 736 1145 Epigr.
758 1057 811 1136 Xl,
834 1057 855 1120 6
878 1057 982 1123 σκῦλα
1004 1053 1177 1144 Ποσιιχιί(

169 1191 242 1254 ecoe
263 1161 376 1253 Λιμὸς
397 1165 625 1254 ἀνεκρέμασεν.
663 1168 732 1234 Diu
753 1189 803 1232 me
824 1167 941 1233 frustra
964 1171 1103 1234 exercuit
1123 1172 1170 1234 in-

168 1279 277 1344 solens
301 1289 334 1344 et
355 1281 687 1367 pessime'formatum
701 1300 819 1346 nomen
834 1275 1052 1368 Ποσιιχᾶρης,
1074 1303 1170 1367 quum

167 1391 296 1457 tandem
326 1394 528 1457 certissimam
557 1395 662 1481 reperi
697 1391 853 1458 medelam
882 1391 965 1456 hanc
993 1389 1077 1458 σκῦλ’
1103 1386 1170 1458 dud

167 1497 359 1592 Σωχιέρεος.
404 1503 441 1569 16
469 1507 566 1593 igitur
593 1494 736 1592 reposui.
767 1504 928 1575 ,Nominis
956 1503 1048 1569 huius
1071 1526 1171 1570 exem-

167 1614 221 1701 pla
248 1613 324 1679 vide
353 1635 394 1680 ue
423 1615 516 1703 plura
542 1637 784 1682 commemorem
813 1614 899 1702 apud
921 1614 1036 1680 Arcad.
1065 1640 1096 1704 p.
1119 1618 1172 1696 26,

170 1727 213 1792 10
237 1728 325 1790 etin
347 1725 443 1792 titulo
466 1727 551 1814 apud
573 1728 716 1794 Boechh.
740 1726 841 1814 Corp.
864 1728 961 1793 luscr.
984 1727 1013 1805 1,
1042 1749 1074 1813 p.
1097 1728 1172 1808 505,

167 1860 198 1902 n.
223 1839 298 1902 676.
349 1837 438 1904 Idem
464 1838 664 1906 reddendum
687 1838 824 1906 Cratino
849 1842 968 1904 iuniori
989 1840 1024 1902 in
1046 1836 1170 1904 Comic.

168 1970 273 2037 graec.
295 1948 357 2028 Ill,
378 1973 410 2037 p.
433 1952 512 2031 375,
539 1951 595 2016 ubi
616 1954 720 2017 minus
741 1960 829 2017 recte
851 1952 962 2038 scripsi
984 1945 1150 2038 Σώχαρις.

250 2061 303 2125 XI.
336 2062 394 2126 Vs.
411 2063 432 2127 2
448 2058 647 2151 inundemur.
680 2063 733 2129 De
747 2064 808 2127 hac
820 2083 903 2127 voce
919 2061 1073 2148 quidquid
1088 2085 1172 2128 com-

168 2175 269 2237 menti
296 2182 373 2236 sunt
399 2177 500 2239 critici
526 2195 661 2262 prorsus
690 2175 810 2240 absona
833 2182 916 2239 srmt.
967 2175 1063 2239 Latet
1087 2172 1172 2239 haud

168 2283 267 2350 dubie
289 2283 478 2350 adiectivum
500 2286 595 2373 quale
617 2296 668 2351 est
683 2280 860 2378 φιλύρινος,
882 2284 970 2371 quod
991 2288 1094 2371 ipsum
1117 2284 1173 2349 ali-

169 2395 298 2483 quando
321 2397 545 2485 reponendum
568 2397 788 2464 existimabam.
826 2396 891 2463 Sed
913 2395 1000 2461 aliud
1022 2395 1172 2461 desidero

169 2512 304 2596 propius
327 2507 368 2573 ad
391 2507 463 2575 cod.
485 2509 657 2575 lectionem
680 2507 844 2582 accedens.
883 2511 979 2574 vso
1001 2507 1171 2573 Jacobsius

167 2621 292 2704 Λίμος.
343 2619 487 2686 Volebat
513 2625 637 2710 Λῖμος.
686 2623 819 2688 Retinui
848 2620 936 2707 qnod
964 2618 1036 2685 cod.
1065 2618 1171 2708 habet.

168 2734 212 2797 V.
235 2732 336 2797 Lehrs
352 2733 448 2797 Arist.
471 2756 503 2820 p.
518 2735 594 2798 301.
617 2731 669 2798 cll.
685 2731 832 2799 Zenobio
855 2730 950 2798 Ceut.
968 2732 1024 2812 lV,
1047 2733 1089 2796 93
1112 2725 1172 2797 τὸν

168 2835 285 2929 Λιμὸν
306 2838 557 2923 cetranorum.

257 2955 326 3019 XII.
363 2956 456 3020 Vs.l
481 2953 565 3021 Cod.
588 2951 802 3044 ἆγτυκτῆριις.
835 2954 951 3021 Suidas
972 2951 1173 3041 docentique

168 3088 194 3132 s.
210 3089 241 3131 v.
257 3063 438 3156 ἀστεμφέα,
453 3065 510 3132 ubi
523 3067 742 3133 Bernhardius
758 3069 935 3153 suspicatur
949 3063 1172 3155 ἀμπυκτῆρας.

169 3178 341 3244 Salmasius
368 3179 590 3267 αὶθνκτῆρας,
619 3178 707 3267 quod
735 3189 886 3266 sequutus
913 3188 961 3244 est
981 3179 1172 3245 Brunclrius

169 3289 254 3355 Mihi
269 3287 481 3378 ἀνθεκτῆρας
494 3290 697 3358 scribendum
707 3290 834 3356 videtin
846 3313 915 3356 cum
925 3291 1070 3370 Reishio,
1084 3292 1173 3379 quod
1268 3322 1270 3330 r

170 3403 365 3489 aptissimum
389 3412 438 3467 est
452 3405 617 3490 epitheton
631 3402 819 3470 arundinum
842 3412 949 3492 captas
964 3403 1104 3469 aviculas
1119 3403 1173 3468 lir-

169 3516 264 3579 miter
285 3512 549 3600 amplectentium.

257 3624 342 3693 Xlll.
380 3627 474 3690 Vs.l
496 3629 644 3715 Λαθρίη
672 3626 712 3692 de
734 3629 865 3693 Venere
886 3626 1080 3716 intelligunt.
1124 3626 1173 3692 Ac

170 3757 248 3801 sane
276 3736 310 3801 id
339 3737 474 3803 suadere
495 3738 646 3805 videntur
673 3743 866 3806 imitationes
893 3739 1054 3805 Gaetulici
1077 3739 1172 3804 Anth.

169 3847 237 3913 Pal.
259 3849 323 3928 Vl,
347 3851 411 3915 190
441 3859 473 3914 et
495 3849 641 3917 Cornelii
666 3853 773 3941 Longi
795 3853 857 3930 Vl,
881 3854 953 3917 191.
998 3851 1173 3916 Permirum

170 3971 276 4025 tamen
298 3959 378 4026 illud
400 3984 461 4029 nec
483 3963 612 4030 aliunde
635 3966 796 4052 cognitum
811 3966 951 4030 Veneris
973 3984 1091 4029 nomen
1114 3973 1171 4029 est.

170 4073 291 4138 Nescio
320 4076 418 4161 igitur
439 4097 479 4140 an
501 4098 612 4141 verum
633 4075 774 4141 viderint
794 4078 849 4163 qui
867 4077 1011 4167 Λαφρίη
1034 4075 1174 4141 scriben-

916 4186 973 4251 g*
