3026 4816
418 459 679 520 eoNoTrrlo
702 459 889 520 celerer.
1121 465 1155 520 97

152 612 251 680 modo
280 622 368 679 recte
397 612 609 702 intelligatur;
643 616 731 690 ἴσαις
760 615 843 678 enim
869 615 1071 700 participium
1099 624 1155 694 est,

152 729 187 791 si
209 735 427 813 praeterea
447 727 670 790 resciveris
694 747 751 788 me
773 724 987 792 Nossidem
1009 728 1155 804 vocari,

153 837 227 902 abi.
271 836 417 902 Aliorum
439 839 638 902 coniecturas
659 857 837 902 memorare
860 835 1070 924 supersedeo,
1094 840 1156 902 nisi

154 947 242 1035 quod
263 950 406 1036 proxime
429 970 447 1012 a
469 968 548 1013 vero
571 947 675 1012 abluit
695 948 861 1014 Porsonus
884 951 940 1036 qui
961 958 1043 1013 teste
1065 947 1156 1014 Gais-

153 1058 249 1126 fordo
272 1058 313 1126 ad
334 1059 507 1146 Hephaest
530 1083 563 1146 p.
587 1061 630 1124 10
653 1061 791 1126 coniecit
812 1055 977 1150 φιλάθην.
1026 1067 1031 1080 “

437 1374 598 1437 ARTE
621 1374 875 1435 meremus.

241 1505 266 1570 l.
301 1506 394 1570 vel
419 1505 494 1572 fort.
515 1505 595 1591 τᾷδε
608 1504 662 1570 vel
677 1505 770 1570 τεῖδε.
805 1506 901 1570 Vs.2
923 1504 1022 1593 vulgo
1045 1506 1154 1588 δηΐων.
1215 1585 1218 1590 1

153 1615 269 1683 Suidas
291 1616 422 1696 δαΐδων,
447 1617 535 1684 unde
557 1627 644 1682 recte
666 1617 822 1682 Kusterus
845 1617 955 1682 detur.

242 1729 299 1793 Vl.
342 1729 401 1794 Vs.
425 1731 443 1793 l
472 1728 643 1795 Jacobsius
672 1730 849 1815 suspicatur
877 1727 942 1808 ἴζεο
969 1725 1065 1795 τᾶσδ’
1090 1723 1155 1795 ὑπὸ

152 1834 249 1905 καλά.
286 1839 469 1905 Brunclrius
491 1840 558 1920 ἵζευ
579 1834 668 1917 ἅπας
688 1831 752 1904 ὑπὸ
765 1839 876 1917 τᾶσδε,
898 1850 1072 1926 praeeunte
1085 1840 1157 1906 Pla-

153 1949 253 2030 nude‚
276 1952 331 2037 qui
352 1950 449 2018 habet
468 1953 568 2033 τῆσδε
590 1945 730 2042 δάφνης.
775 1949 885 2018 Credo
907 1974 1018 2017 verum
1038 1951 1156 2018 vidisse

152 2062 354 2138 Jacobsium3
376 2061 435 2129 sed
457 2062 522 2144 ἵζευ
537 2065 656 2128 servari
674 2072 791 2150 potest.
830 2064 887 2127 Vs.
904 2065 924 2129 l
945 2063 1156 2146 Ruhnkenius

152 2169 335 2265 ψυχόμενα.
1057 2251 1060 2256 1

241 2285 313 2350 Vll.
348 2287 405 2350 Vs.
423 2288 441 2350 l
464 2307 525 2373 pro
540 2290 665 2376 πέτραν
677 2286 849 2352 Jacobsius
866 2287 1013 2352 ατελέαν.
1048 2287 1155 2352 Ροεείε

155 2399 249 2462 etiam
271 2396 435 2484 aliquanto
464 2397 568 2464 lenius
597 2401 759 2487 corrigere
788 2392 920 2464 πεύκαν.
977 2395 1075 2464 Certe
1099 2403 1156 2464 πέ-

154 2531 238 2596 τραν
259 2519 443 2596 corruptum
466 2519 528 2588 est,
549 2520 587 2575 ut
609 2508 728 2575 docent
749 2511 923 2595 sequentia.

241 2621 294 2686 lx.
335 2622 437 2686 ver
466 2620 540 2688 cod.
568 2616 727 2706 ὑποϊᾶχει.
780 2620 929 2687 Correxit
957 2621 1154 2687 Schaeierus.

153 2729 305 2796 Similiter
327 2731 514 2819 Spitrnerus
536 2734 631 2798 Vers.
653 2732 785 2819 flersp.
808 2734 874 2798 203
896 2729 1111 2821 ὑπεκαροχέει.

241 2844 281 2910 X.
314 2844 372 2908 Vs.
387 2847 409 2910 2
431 2843 599 2934 legebatur
612 2843 743 2910 λασίαν.
777 2846 835 2910 Vs.
849 2845 871 2909 3
891 2865 953 2932 pro
968 2840 1057 2934 ἀμφὶ
1070 2867 1157 2932 παρ-

152 2955 218 3047 ῇδα
240 2953 347 3020 malim
369 2950 601 3048 ἆμφαεαρῃον,
631 2977 819 3044 quamquam
841 2955 985 3022 similiter
1005 2955 1156 3044 loquutus

153 3075 204 3132 est
229 3067 435 3133 Democritus
458 3069 555 3134 Anth.
583 3067 672 3133 Plan.
696 3070 752 3147 lV,
778 3069 841 3134 180
868 3063 953 3136 οὕτω
980 3091 1045 3134 που
1071 3062 1156 3135 κατὰ

153 3173 252 3244 λευκὰ
279 3173 409 3268 παρήϊα
428 3180 543 3268 χερσὶν
563 3181 685 3246 ἑλοῦσα
709 3174 907 3269 βόστρεχαν,
935 3181 1082 3266 Αἰγαίην
1103 3179 1156 3262 ἐξ·

154 3288 277 3370 επίεζεν
306 3285 382 3356 ἅλα.
439 3291 588 3376 Quorum
617 3301 723 3357 tamen
751 3290 861 3379 paullo
898 3291 958 3356 alia
987 3295 1068 3358 ratio
1098 3303 1155 3358 est.

153 3399 288 3466 Accedit
314 3400 401 3488 quod
422 3401 603 3490 bisyllabae
631 3403 753 3468 formae
774 3404 882 3495 παρῇς
902 3405 937 3468 in
959 3403 1158 3494 Anthologia

153 3533 271 3601 graeca
293 3516 346 3578 vix
367 3513 466 3579 ullum
491 3513 666 3602 exemplum
688 3518 839 3602 reperias.

241 3625 309 3690 XII.
355 3626 513 3714 Scriptum
541 3638 590 3693 est
617 3630 652 3693 in
680 3627 864 3715 delphinum
893 3647 930 3692 ex
952 3629 1030 3692 mari
1051 3629 1086 3692 in
1107 3627 1158 3693 lit-

153 3745 206 3801 tus
229 3740 418 3822 coniectum.
455 3740 514 3804 Vs.
532 3743 550 3805 l
573 3739 642 3805 fere
663 3742 810 3826 poenitet
831 3760 899 3805 non
912 3740 1071 3826 recepisse
1094 3738 1158 3804 ele

152 3858 281 3935 gentem
312 3851 566 3918 emendationem
592 3850 747 3916 Bruuclrii
774 3852 808 3916 in
836 3853 979 3940 margine
1006 3859 1156 3916 notatam.

153 3960 249 4025 Vct
271 3961 339 4026 Pal.
361 3963 437 4052 περὶ
460 3965 644 4050 σκαλμοῖσι.
689 3961 803 4028 Suidas
826 3955 920 4049 παρὰ
941 3963 1157 4050 σκαρθμοῒσι.

151 4073 274 4160 Recepi
312 4073 554 4142 indubitabilem
589 4075 843 4143 emendationem
870 4072 1005 4141 Reislrii.
1055 4073 1158 4139 Vsd

936 4187 956 4250 7
