<?xml version="1.0" encoding="UTF-8"?>
<!DOCTYPE html PUBLIC "-//W3C//DTD XHTML 1.0 Transitional//EN"
    "http://www.w3.org/TR/xhtml1/DTD/xhtml1-transitional.dtd">
<html xmlns="http://www.w3.org/1999/xhtml" xml:lang="en" lang="en">
 <head>
  <title>
</title>
<meta http-equiv="Content-Type" content="text/html;charset=utf-8" />
  <meta name='ocr-system' content='tesseract 3.04.00' />
  <meta name='ocr-capabilities' content='ocr_page ocr_carea ocr_par ocr_line ocrx_word'/>
</head>
<body>
  <div class='ocr_page' id='page_1' title='image "./delectuspoetaru00meingoog_0263.png"; bbox 0 0 3028 4826; ppageno 0'>
   <div class='ocr_carea' id='block_1_1' title="bbox 330 449 994 512">
    <p class='ocr_par' dir='ltr' id='par_1_1' title="bbox 330 449 994 512">
     <span class='ocr_line' id='line_1_1' title="bbox 330 449 994 512; baseline 0.003 -2"><span class='ocrx_word' id='word_1_1' title='bbox 330 453 386 510; x_wconf 76' lang='lat' dir='ltr'><strong><em>tas</em></strong></span> <span class='ocrx_word' id='word_1_2' title='bbox 675 449 994 512; x_wconf 67' lang='lat' dir='ltr'><strong>conmortuus</strong></span> 
     </span>
    </p>
   </div>
   <div class='ocr_carea' id='block_1_2' title="bbox 372 598 1258 1246">
    <p class='ocr_par' dir='ltr' id='par_1_2' title="bbox 372 598 1251 802">
     <span class='ocr_line' id='line_1_2' title="bbox 372 598 1251 691; baseline 0.005 -23"><span class='ocrx_word' id='word_1_3' title='bbox 372 598 541 689; x_wconf 83' lang='grc' dir='ltr'><strong><em>Ἐσχατιαλ</em></strong></span> <span class='ocrx_word' id='word_1_4' title='bbox 561 599 703 688; x_wconf 80' lang='grc' dir='ltr'><em>Λιβύων</em></span> <span class='ocrx_word' id='word_1_5' title='bbox 724 604 980 689; x_wconf 85' lang='grc' dir='ltr'><strong><em>Νασαμωνέδες,</em></strong></span> <span class='ocrx_word' id='word_1_6' title='bbox 1002 600 1109 670; x_wconf 81' lang='grc' dir='ltr'><strong><em>οὐκέτι</em></strong></span> <span class='ocrx_word' id='word_1_7' title='bbox 1129 605 1251 691; x_wconf 80' lang='grc' dir='ltr'><strong><em>θηρῶν</em></strong></span> 
     </span>
     <span class='ocr_line' id='line_1_3' title="bbox 419 711 1068 802; baseline 0 -22"><span class='ocrx_word' id='word_1_8' title='bbox 419 717 553 781; x_wconf 82' lang='grc' dir='ltr'><strong><em>έθνεσιν</em></strong></span> <span class='ocrx_word' id='word_1_9' title='bbox 574 711 713 802; x_wconf 80' lang='grc' dir='ltr'><strong><em>ἠπείρου</em></strong></span> <span class='ocrx_word' id='word_1_10' title='bbox 732 717 822 780; x_wconf 82' lang='grc' dir='ltr'><strong><em>νῶτα</em></strong></span> <span class='ocrx_word' id='word_1_11' title='bbox 842 711 1068 802; x_wconf 80' lang='grc' dir='ltr'><strong><em>βαρυνόμεναι</em></strong></span> 
     </span>
    </p>

    <p class='ocr_par' dir='ltr' id='par_1_3' title="bbox 373 821 1184 1025">
     <span class='ocr_line' id='line_1_4' title="bbox 373 821 1117 914; baseline 0 -21"><span class='ocrx_word' id='word_1_12' title='bbox 373 824 450 914; x_wconf 78' lang='grc' dir='ltr'><strong><em>ἠχοῖ</em></strong></span> <span class='ocrx_word' id='word_1_13' title='bbox 471 825 663 913; x_wconf 83' lang='grc' dir='ltr'><strong><em>έρημαίαισέ</em></strong></span> <span class='ocrx_word' id='word_1_14' title='bbox 684 823 715 890; x_wconf 84' lang='grc' dir='ltr'><strong><em>τ’</em></strong></span> <span class='ocrx_word' id='word_1_15' title='bbox 734 821 955 914; x_wconf 83' lang='grc' dir='ltr'><strong><em>έπιπτύρεσθε</em></strong></span> <span class='ocrx_word' id='word_1_16' title='bbox 976 822 1117 893; x_wconf 80' lang='grc' dir='ltr'><strong><em>λεόντων</em></strong></span> 
     </span>
     <span class='ocr_line' id='line_1_5' title="bbox 418 930 1184 1025; baseline 0 -23"><span class='ocrx_word' id='word_1_17' title='bbox 418 934 560 1025; x_wconf 82' lang='grc' dir='ltr'><strong><em>ὠρυγαῖς</em></strong></span> <span class='ocrx_word' id='word_1_18' title='bbox 581 932 769 1023; x_wconf 73' lang='grc' dir='ltr'><em>ψαμάθους</em></span> <span class='ocrx_word' id='word_1_19' title='bbox 790 930 883 1023; x_wconf 79' lang='grc' dir='ltr'><strong><em>ἄχρις</em></strong></span> <span class='ocrx_word' id='word_1_20' title='bbox 904 935 983 1024; x_wconf 79' lang='grc' dir='ltr'><strong><em>ὑπὲρ</em></strong></span> <span class='ocrx_word' id='word_1_21' title='bbox 1006 932 1184 1023; x_wconf 77' lang='grc' dir='ltr'><strong><em>Νομάδων,</em></strong></span> 
     </span>
    </p>

    <p class='ocr_par' dir='ltr' id='par_1_4' title="bbox 375 1043 1258 1246">
     <span class='ocr_line' id='line_1_6' title="bbox 375 1043 1258 1139; baseline 0.001 -26"><span class='ocrx_word' id='word_1_22' title='bbox 375 1049 482 1139; x_wconf 83' lang='grc' dir='ltr'><strong><em>φῦλον</em></strong></span> <span class='ocrx_word' id='word_1_23' title='bbox 504 1049 573 1114; x_wconf 76' lang='grc' dir='ltr'><strong><em>ἐπεὶ</em></strong></span> <span class='ocrx_word' id='word_1_24' title='bbox 595 1043 766 1134; x_wconf 85' lang='grc' dir='ltr'><strong><em>νήριθμον</em></strong></span> <span class='ocrx_word' id='word_1_25' title='bbox 789 1053 826 1114; x_wconf 86' lang='grc' dir='ltr'><strong><em>έν</em></strong></span> <span class='ocrx_word' id='word_1_26' title='bbox 847 1049 1071 1135; x_wconf 80' lang='grc' dir='ltr'><strong><em>λχνοπέὸαισιν</em></strong></span> <span class='ocrx_word' id='word_1_27' title='bbox 1092 1046 1258 1136; x_wconf 76' lang='grc' dir='ltr'><strong><em>ἀγρευθέν</em></strong></span> 
     </span>
     <span class='ocr_line' id='line_1_7' title="bbox 419 1153 1159 1246; baseline 0.001 -23"><span class='ocrx_word' id='word_1_28' title='bbox 419 1162 452 1236; x_wconf 86' lang='grc' dir='ltr'><strong><em>ές</em></strong></span> <span class='ocrx_word' id='word_1_29' title='bbox 471 1161 554 1245; x_wconf 84' lang='grc' dir='ltr'><strong><em>μίαν</em></strong></span> <span class='ocrx_word' id='word_1_30' title='bbox 576 1153 738 1245; x_wconf 80' lang='grc' dir='ltr'><strong><em>αέχμητάς</em></strong></span> <span class='ocrx_word' id='word_1_31' title='bbox 759 1160 895 1246; x_wconf 83' lang='grc' dir='ltr'><strong><em>Καῖσαρ</em></strong></span> <span class='ocrx_word' id='word_1_32' title='bbox 918 1161 1041 1241; x_wconf 80' lang='grc' dir='ltr'><strong><em>έθηκεν</em></strong></span> <span class='ocrx_word' id='word_1_33' title='bbox 1062 1155 1159 1227; x_wconf 82' lang='grc' dir='ltr'><strong><em>ὀπύν.</em></strong></span> 
     </span>
    </p>
   </div>
   <div class='ocr_carea' id='block_1_3' title="bbox 618 1466 1043 1535">
    <p class='ocr_par' dir='ltr' id='par_1_5' title="bbox 618 1466 1043 1535">
     <span class='ocr_line' id='line_1_8' title="bbox 618 1466 1043 1535; baseline 0 -15"><span class='ocrx_word' id='word_1_34' title='bbox 618 1469 812 1521; x_wconf 79' lang='lat' dir='ltr'><strong>anennuus</strong></span> <span class='ocrx_word' id='word_1_35' title='bbox 830 1470 889 1520; x_wconf 75' lang='lat' dir='ltr'><strong><em>rar.</em></strong></span> <span class='ocrx_word' id='word_1_36' title='bbox 901 1469 980 1535; x_wconf 83' lang='lat' dir='ltr'><strong><em>xm,</em></strong></span> <span class='ocrx_word' id='word_1_37' title='bbox 1001 1466 1043 1520; x_wconf 83' lang='grc' dir='ltr'><strong><em>ιε.</em></strong></span> 
     </span>
    </p>
   </div>
   <div class='ocr_carea' id='block_1_4' title="bbox 373 1572 1312 2221">
    <p class='ocr_par' dir='ltr' id='par_1_6' title="bbox 377 1572 1206 1776">
     <span class='ocr_line' id='line_1_9' title="bbox 377 1572 1206 1664; baseline -0.002 -20"><span class='ocrx_word' id='word_1_38' title='bbox 377 1572 513 1644; x_wconf 82' lang='grc' dir='ltr'><strong><em>Χύλκεα</em></strong></span> <span class='ocrx_word' id='word_1_39' title='bbox 536 1579 616 1664; x_wconf 66' lang='grc' dir='ltr'><strong><em>ἔργα</em></strong></span> <span class='ocrx_word' id='word_1_40' title='bbox 636 1579 793 1662; x_wconf 78' lang='grc' dir='ltr'><strong><em>λέγοισθε</em></strong></span> <span class='ocrx_word' id='word_1_41' title='bbox 814 1582 906 1659; x_wconf 82' lang='grc' dir='ltr'><strong><em>θοῆς</em></strong></span> <span class='ocrx_word' id='word_1_42' title='bbox 927 1581 1067 1645; x_wconf 79' lang='grc' dir='ltr'><strong><em>ἐπινίκια</em></strong></span> <span class='ocrx_word' id='word_1_43' title='bbox 1086 1572 1206 1657; x_wconf 83' lang='grc' dir='ltr'><strong><em>πιύλου,</em></strong></span> 
     </span>
     <span class='ocr_line' id='line_1_10' title="bbox 417 1684 1016 1776; baseline 0 -22"><span class='ocrx_word' id='word_1_44' title='bbox 417 1684 490 1770; x_wconf 78' lang='grc' dir='ltr'><strong><em>ἥτις</em></strong></span> <span class='ocrx_word' id='word_1_45' title='bbox 510 1693 715 1776; x_wconf 87' lang='grc' dir='ltr'><strong><em>κεντρομανῆ</em></strong></span> <span class='ocrx_word' id='word_1_46' title='bbox 737 1690 889 1776; x_wconf 83' lang='grc' dir='ltr'><strong><em>λαβοῦσα</em></strong></span> <span class='ocrx_word' id='word_1_47' title='bbox 909 1691 1016 1756; x_wconf 81' lang='grc' dir='ltr'><strong><em>παῖδα</em></strong></span> 
     </span>
    </p>

    <p class='ocr_par' dir='ltr' id='par_1_7' title="bbox 373 1793 1312 2000">
     <span class='ocr_line' id='line_1_11' title="bbox 373 1793 1312 1890; baseline 0.002 -25"><span class='ocrx_word' id='word_1_48' title='bbox 373 1793 457 1890; x_wconf 78' lang='grc' dir='ltr'><strong><em>ψιλὴ</em></strong></span> <span class='ocrx_word' id='word_1_49' title='bbox 478 1794 595 1884; x_wconf 78' lang='grc' dir='ltr'><strong><em>λευρὸν</em></strong></span> <span class='ocrx_word' id='word_1_50' title='bbox 617 1803 718 1866; x_wconf 86' lang='grc' dir='ltr'><strong><em>έθυσε</em></strong></span> <span class='ocrx_word' id='word_1_51' title='bbox 740 1803 822 1888; x_wconf 76' lang='grc' dir='ltr'><strong><em>περὶ,</em></strong></span> <span class='ocrx_word' id='word_1_52' title='bbox 837 1796 977 1888; x_wconf 87' lang='grc' dir='ltr'><strong><em>δρόμον·</em></strong></span> <span class='ocrx_word' id='word_1_53' title='bbox 1000 1804 1034 1865; x_wconf 88' lang='grc' dir='ltr'><strong><em>έκ</em></strong></span> <span class='ocrx_word' id='word_1_54' title='bbox 1057 1796 1087 1865; x_wconf 87' lang='grc' dir='ltr'><strong><em>δ’</em></strong></span> <span class='ocrx_word' id='word_1_55' title='bbox 1106 1793 1161 1888; x_wconf 72' lang='grc' dir='ltr'><strong><em>ἄρ’</em></strong></span> <span class='ocrx_word' id='word_1_56' title='bbox 1188 1802 1312 1867; x_wconf 81' lang='grc' dir='ltr'><strong><em>ἐκείνου</em></strong></span> 
     </span>
     <span class='ocr_line' id='line_1_12' title="bbox 418 1907 1024 2000; baseline -0.002 -23"><span class='ocrx_word' id='word_1_57' title='bbox 418 1913 606 1999; x_wconf 79' lang='grc' dir='ltr'><strong><em>Παρμένων</em></strong></span> <span class='ocrx_word' id='word_1_58' title='bbox 623 1917 764 1998; x_wconf 81' lang='grc' dir='ltr'><strong><em>χρυσέης</em></strong></span> <span class='ocrx_word' id='word_1_59' title='bbox 785 1907 902 2000; x_wconf 80' lang='grc' dir='ltr'><strong><em>κύρησε</em></strong></span> <span class='ocrx_word' id='word_1_60' title='bbox 924 1914 1024 1991; x_wconf 82' lang='grc' dir='ltr'><strong><em>νίκης.</em></strong></span> 
     </span>
    </p>

    <p class='ocr_par' dir='ltr' id='par_1_8' title="bbox 378 2016 1289 2221">
     <span class='ocr_line' id='line_1_13' title="bbox 378 2016 1289 2111; baseline -0.003 -21"><span class='ocrx_word' id='word_1_61' title='bbox 378 2018 537 2111; x_wconf 81' lang='grc' dir='ltr'><strong><em>Ψύκριτε,</em></strong></span> <span class='ocrx_word' id='word_1_62' title='bbox 561 2023 609 2106; x_wconf 77' lang='lat' dir='ltr'><strong><em>epi</em></strong></span> <span class='ocrx_word' id='word_1_63' title='bbox 630 2020 661 2088; x_wconf 82' lang='grc' dir='ltr'><strong><em>δ’</em></strong></span> <span class='ocrx_word' id='word_1_64' title='bbox 681 2016 748 2111; x_wconf 78' lang='grc' dir='ltr'><strong><em>ἰύρα</em></strong></span> <span class='ocrx_word' id='word_1_65' title='bbox 768 2025 862 2089; x_wconf 84' lang='grc' dir='ltr'><strong><em>παιδὶ</em></strong></span> <span class='ocrx_word' id='word_1_66' title='bbox 883 2025 940 2088; x_wconf 81' lang='grc' dir='ltr'><strong><em>καὶ</em></strong></span> <span class='ocrx_word' id='word_1_67' title='bbox 957 2019 1111 2088; x_wconf 68' lang='lat' dir='ltr'><strong>‘itatem</strong></span> <span class='ocrx_word' id='word_1_68' title='bbox 1130 2023 1289 2108; x_wconf 79' lang='grc' dir='ltr'><strong><em>βασιλῆες</em></strong></span> 
     </span>
     <span class='ocr_line' id='line_1_14' title="bbox 416 2129 1017 2221; baseline -0.003 -21"><span class='ocrx_word' id='word_1_69' title='bbox 416 2129 578 2218; x_wconf 72' lang='grc' dir='ltr'><strong><em>πατρῴων</em></strong></span> <span class='ocrx_word' id='word_1_70' title='bbox 600 2135 720 2200; x_wconf 71' lang='grc' dir='ltr'><strong><em>ἔδοσαν</em></strong></span> <span class='ocrx_word' id='word_1_71' title='bbox 741 2136 853 2221; x_wconf 86' lang='grc' dir='ltr'><strong><em>λαχεῖν</em></strong></span> <span class='ocrx_word' id='word_1_72' title='bbox 874 2131 1017 2199; x_wconf 84' lang='grc' dir='ltr'><strong><em>ἀέθλων.</em></strong></span> 
     </span>
    </p>
   </div>
   <div class='ocr_carea' id='block_1_5' title="bbox 330 2222 1332 2338">
    <p class='ocr_par' dir='ltr' id='par_1_9' title="bbox 330 2222 1332 2338">
     <span class='ocr_line' id='line_1_15' title="bbox 330 2222 1332 2338; baseline 0.003 -7"><span class='ocrx_word' id='word_1_73' title='bbox 330 2271 452 2335; x_wconf 83' lang='lat' dir='ltr'>Versus</span> <span class='ocrx_word' id='word_1_74' title='bbox 475 2271 559 2334; x_wconf 89' lang='lat' dir='ltr'><strong>tertii</strong></span> <span class='ocrx_word' id='word_1_75' title='bbox 580 2271 744 2334; x_wconf 88' lang='lat' dir='ltr'><strong>immemor</strong></span> <span class='ocrx_word' id='word_1_76' title='bbox 766 2279 834 2334; x_wconf 88' lang='lat' dir='ltr'><strong>erat</strong></span> <span class='ocrx_word' id='word_1_77' title='bbox 855 2268 895 2335; x_wconf 91' lang='lat' dir='ltr'><strong><em>G.</em></strong></span> <span class='ocrx_word' id='word_1_78' title='bbox 910 2222 1101 2335; x_wconf 78' lang='lat' dir='ltr'><strong>Dindorfius</strong></span> <span class='ocrx_word' id='word_1_79' title='bbox 1118 2270 1214 2335; x_wconf 89' lang='lat' dir='ltr'><strong>Thes.</strong></span> <span class='ocrx_word' id='word_1_80' title='bbox 1236 2271 1273 2335; x_wconf 88' lang='lat' dir='ltr'><strong><em>L.</em></strong></span> <span class='ocrx_word' id='word_1_81' title='bbox 1290 2271 1332 2338; x_wconf 90' lang='lat' dir='ltr'><strong><em>G.</em></strong></span> 
     </span>
    </p>
   </div>
   <div class='ocr_carea' id='block_1_6' title="bbox 223 2375 1334 2466">
    <p class='ocr_par' dir='ltr' id='par_1_10' title="bbox 223 2375 1334 2466">
     <span class='ocr_line' id='line_1_16' title="bbox 223 2375 1334 2466; baseline 0 -20"><span class='ocrx_word' id='word_1_82' title='bbox 223 2453 226 2459; x_wconf 54' lang='grc'><strong>,</strong></span> <span class='ocrx_word' id='word_1_83' title='bbox 330 2402 354 2446; x_wconf 90' lang='lat' dir='ltr'><strong><em>s.</em></strong></span> <span class='ocrx_word' id='word_1_84' title='bbox 383 2403 414 2446; x_wconf 87' lang='lat' dir='ltr'><strong><em>v.</em></strong></span> <span class='ocrx_word' id='word_1_85' title='bbox 441 2375 517 2447; x_wconf 90' lang='grc' dir='ltr'><strong><em>θύω</em></strong></span> <span class='ocrx_word' id='word_1_86' title='bbox 546 2383 699 2446; x_wconf 86' lang='lat' dir='ltr'><strong>aoristum</strong></span> <span class='ocrx_word' id='word_1_87' title='bbox 727 2382 837 2446; x_wconf 88' lang='grc' dir='ltr'><strong><em>έθυσα</em></strong></span> <span class='ocrx_word' id='word_1_88' title='bbox 864 2390 1050 2466; x_wconf 85' lang='lat' dir='ltr'><strong>suspectans</strong></span> <span class='ocrx_word' id='word_1_89' title='bbox 1082 2384 1116 2446; x_wconf 90' lang='lat' dir='ltr'><strong><em>in</em></strong></span> <span class='ocrx_word' id='word_1_90' title='bbox 1145 2379 1334 2448; x_wconf 80' lang='lat' dir='ltr'><strong>Callimachi</strong></span> 
     </span>
    </p>
   </div>
   <div class='ocr_carea' id='block_1_7' title="bbox 329 2487 1333 3025">
    <p class='ocr_par' dir='ltr' id='par_1_11' title="bbox 329 2487 1333 3025">
     <span class='ocr_line' id='line_1_17' title="bbox 331 2487 1333 2581; baseline 0.002 -25"><span class='ocrx_word' id='word_1_91' title='bbox 331 2494 455 2581; x_wconf 78' lang='lat' dir='ltr'><strong>Fragm.</strong></span> <span class='ocrx_word' id='word_1_92' title='bbox 470 2492 637 2572; x_wconf 83' lang='lat' dir='ltr'>LXXXIII,</span> <span class='ocrx_word' id='word_1_93' title='bbox 652 2495 674 2559; x_wconf 78' lang='lat'>2</span> <span class='ocrx_word' id='word_1_94' title='bbox 696 2495 818 2558; x_wconf 84' lang='grc' dir='ltr'><strong><em>έθυσεν</em></strong></span> <span class='ocrx_word' id='word_1_95' title='bbox 835 2487 957 2578; x_wconf 77' lang='grc' dir='ltr'><strong><em>Ἀρκὰς</em></strong></span> <span class='ocrx_word' id='word_1_96' title='bbox 970 2495 1076 2569; x_wconf 78' lang='grc' dir='ltr'><strong><em>ἵππος.</em></strong></span> <span class='ocrx_word' id='word_1_97' title='bbox 1116 2493 1229 2580; x_wconf 84' lang='lat' dir='ltr'><strong>Aeque</strong></span> <span class='ocrx_word' id='word_1_98' title='bbox 1243 2515 1333 2558; x_wconf 90' lang='lat' dir='ltr'><strong>rarus</strong></span> 
     </span>
     <span class='ocr_line' id='line_1_18' title="bbox 331 2603 1333 2693; baseline 0.001 -24"><span class='ocrx_word' id='word_1_99' title='bbox 331 2603 460 2670; x_wconf 82' lang='lat' dir='ltr'><strong>alterius</strong></span> <span class='ocrx_word' id='word_1_100' title='bbox 477 2604 606 2684; x_wconf 87' lang='lat' dir='ltr'><strong>formae,</strong></span> <span class='ocrx_word' id='word_1_101' title='bbox 629 2605 746 2683; x_wconf 81' lang='grc' dir='ltr'><strong><em>έθυνα,</em></strong></span> <span class='ocrx_word' id='word_1_102' title='bbox 760 2626 836 2669; x_wconf 90' lang='lat' dir='ltr'><strong>usus</strong></span> <span class='ocrx_word' id='word_1_103' title='bbox 855 2613 910 2682; x_wconf 89' lang='lat' dir='ltr'><strong>est,</strong></span> <span class='ocrx_word' id='word_1_104' title='bbox 932 2626 1025 2690; x_wconf 89' lang='lat' dir='ltr'><strong>quam</strong></span> <span class='ocrx_word' id='word_1_105' title='bbox 1040 2603 1139 2669; x_wconf 85' lang='lat' dir='ltr'><strong>habes</strong></span> <span class='ocrx_word' id='word_1_106' title='bbox 1154 2604 1238 2691; x_wconf 85' lang='lat' dir='ltr'><strong>apud</strong></span> <span class='ocrx_word' id='word_1_107' title='bbox 1254 2626 1333 2693; x_wconf 85' lang='lat' dir='ltr'><strong>poe-</strong></span> 
     </span>
     <span class='ocr_line' id='line_1_19' title="bbox 330 2715 1332 2795; baseline -0.001 -13"><span class='ocrx_word' id='word_1_108' title='bbox 330 2725 395 2782; x_wconf 86' lang='lat' dir='ltr'><strong>tam</strong></span> <span class='ocrx_word' id='word_1_109' title='bbox 416 2719 568 2794; x_wconf 85' lang='lat' dir='ltr'><strong>incertum</strong></span> <span class='ocrx_word' id='word_1_110' title='bbox 591 2716 722 2782; x_wconf 87' lang='lat' dir='ltr'><strong>Anthol.</strong></span> <span class='ocrx_word' id='word_1_111' title='bbox 738 2715 836 2780; x_wconf 83' lang='lat' dir='ltr'><strong>Pelet</strong></span> <span class='ocrx_word' id='word_1_112' title='bbox 853 2716 909 2795; x_wconf 74' lang='lat' dir='ltr'><strong><em>VI,</em></strong></span> <span class='ocrx_word' id='word_1_113' title='bbox 929 2717 1003 2794; x_wconf 77' lang='lat'>217,</span> <span class='ocrx_word' id='word_1_114' title='bbox 1026 2717 1056 2780; x_wconf 84' lang='lat'><strong><em>8.</em></strong></span> <span class='ocrx_word' id='word_1_115' title='bbox 1090 2715 1214 2781; x_wconf 84' lang='lat' dir='ltr'><strong>Eodem</strong></span> <span class='ocrx_word' id='word_1_116' title='bbox 1235 2739 1332 2782; x_wconf 88' lang='lat' dir='ltr'><strong>versu</strong></span> 
     </span>
     <span class='ocr_line' id='line_1_20' title="bbox 329 2826 1332 2914; baseline 0.002 -23"><span class='ocrx_word' id='word_1_117' title='bbox 329 2848 389 2914; x_wconf 92' lang='lat' dir='ltr'><strong><em>pro</em></strong></span> <span class='ocrx_word' id='word_1_118' title='bbox 413 2829 536 2894; x_wconf 78' lang='grc' dir='ltr'><strong><em>ἐκείνου</em></strong></span> <span class='ocrx_word' id='word_1_119' title='bbox 558 2828 693 2893; x_wconf 84' lang='lat' dir='ltr'><strong>sortasse</strong></span> <span class='ocrx_word' id='word_1_120' title='bbox 715 2837 856 2914; x_wconf 81' lang='lat' dir='ltr'><strong>praestat</strong></span> <span class='ocrx_word' id='word_1_121' title='bbox 884 2829 1007 2907; x_wconf 90' lang='grc' dir='ltr'><strong><em>έκείνης</em></strong></span> <span class='ocrx_word' id='word_1_122' title='bbox 1027 2826 1175 2893; x_wconf 88' lang='lat' dir='ltr'><strong>scribere.</strong></span> <span class='ocrx_word' id='word_1_123' title='bbox 1225 2830 1332 2893; x_wconf 89' lang='lat' dir='ltr'><strong>Versu</strong></span> 
     </span>
     <span class='ocr_line' id='line_1_21' title="bbox 330 2938 1333 3025; baseline 0.001 -21"><span class='ocrx_word' id='word_1_124' title='bbox 330 2941 443 3025; x_wconf 92' lang='lat' dir='ltr'><strong>quinto</strong></span> <span class='ocrx_word' id='word_1_125' title='bbox 479 2938 555 3025; x_wconf 91' lang='lat' dir='ltr'><strong>quid</strong></span> <span class='ocrx_word' id='word_1_126' title='bbox 584 2939 647 3004; x_wconf 90' lang='lat' dir='ltr'><strong>dici</strong></span> <span class='ocrx_word' id='word_1_127' title='bbox 680 2938 827 3005; x_wconf 83' lang='lat' dir='ltr'><strong>debuerit</strong></span> <span class='ocrx_word' id='word_1_128' title='bbox 853 2939 938 3004; x_wconf 89' lang='lat' dir='ltr'><strong>bene</strong></span> <span class='ocrx_word' id='word_1_129' title='bbox 964 2941 1129 3025; x_wconf 86' lang='lat' dir='ltr'><strong>perspexit</strong></span> <span class='ocrx_word' id='word_1_130' title='bbox 1153 2939 1333 3020; x_wconf 86' lang='lat' dir='ltr'><strong>Jacobsius,</strong></span> 
     </span>
    </p>
   </div>
   <div class='ocr_carea' id='block_1_8' title="bbox 302 3061 1335 4171">
    <p class='ocr_par' dir='ltr' id='par_1_12' title="bbox 302 3061 1335 4171">
     <span class='ocr_line' id='line_1_22' title="bbox 330 3061 1333 3167; baseline -0.001 -22"><span class='ocrx_word' id='word_1_131' title='bbox 330 3079 387 3145; x_wconf 90' lang='lat' dir='ltr'><strong><em>sed</em></strong></span> <span class='ocrx_word' id='word_1_132' title='bbox 409 3077 491 3143; x_wconf 87' lang='lat' dir='ltr'><strong>male</strong></span> <span class='ocrx_word' id='word_1_133' title='bbox 514 3081 642 3167; x_wconf 89' lang='lat' dir='ltr'><strong>scripsit</strong></span> <span class='ocrx_word' id='word_1_134' title='bbox 660 3077 889 3166; x_wconf 82' lang='grc' dir='ltr'><strong><em>Ἀμυκλαέται,</em></strong></span> <span class='ocrx_word' id='word_1_135' title='bbox 911 3078 999 3167; x_wconf 92' lang='lat' dir='ltr'><strong>quod</strong></span> <span class='ocrx_word' id='word_1_136' title='bbox 1022 3102 1091 3144; x_wconf 89' lang='lat' dir='ltr'><strong><em>cum</em></strong></span> <span class='ocrx_word' id='word_1_137' title='bbox 1116 3061 1333 3166; x_wconf 73' lang='grc' dir='ltr'><strong><em>Ἀμυκλαῗται</em></strong></span> 
     </span>
     <span class='ocr_line' id='line_1_23' title="bbox 330 3188 1334 3279; baseline -0.001 -22"><span class='ocrx_word' id='word_1_138' title='bbox 330 3189 531 3257; x_wconf 88' lang='lat' dir='ltr'><strong>scribendum</strong></span> <span class='ocrx_word' id='word_1_139' title='bbox 560 3194 616 3271; x_wconf 90' lang='lat' dir='ltr'><strong>sit,</strong></span> <span class='ocrx_word' id='word_1_140' title='bbox 650 3214 762 3258; x_wconf 86' lang='lat' dir='ltr'><strong>versus</strong></span> <span class='ocrx_word' id='word_1_141' title='bbox 790 3195 924 3279; x_wconf 88' lang='lat' dir='ltr'><strong>respuit.</strong></span> <span class='ocrx_word' id='word_1_142' title='bbox 980 3190 1091 3278; x_wconf 74' lang='lat' dir='ltr'><strong>ltaque</strong></span> <span class='ocrx_word' id='word_1_143' title='bbox 1116 3188 1334 3276; x_wconf 80' lang='grc' dir='ltr'><strong><em>Ἀμυκλαέδαι</em></strong></span> 
     </span>
     <span class='ocr_line' id='line_1_24' title="bbox 329 3302 1333 3391; baseline -0.001 -24"><span class='ocrx_word' id='word_1_144' title='bbox 329 3303 486 3388; x_wconf 82' lang='grc' dir='ltr'><strong><em>βασιλῆες</em></strong></span> <span class='ocrx_word' id='word_1_145' title='bbox 508 3302 741 3391; x_wconf 81' lang='lat' dir='ltr'><strong>corrigendum.</strong></span> <span class='ocrx_word' id='word_1_146' title='bbox 780 3303 880 3390; x_wconf 89' lang='lat' dir='ltr'><strong>Quod</strong></span> <span class='ocrx_word' id='word_1_147' title='bbox 902 3324 1019 3368; x_wconf 90' lang='lat' dir='ltr'><strong>nomen</strong></span> <span class='ocrx_word' id='word_1_148' title='bbox 1043 3305 1102 3370; x_wconf 90' lang='lat' dir='ltr'><strong>etsi</strong></span> <span class='ocrx_word' id='word_1_149' title='bbox 1123 3307 1255 3390; x_wconf 88' lang='lat' dir='ltr'><strong>proprie</strong></span> <span class='ocrx_word' id='word_1_150' title='bbox 1278 3325 1333 3390; x_wconf 89' lang='lat' dir='ltr'><strong><em>pa-</em></strong></span> 
     </span>
     <span class='ocr_line' id='line_1_25' title="bbox 330 3414 1334 3503; baseline -0.002 -23"><span class='ocrx_word' id='word_1_151' title='bbox 330 3416 542 3500; x_wconf 83' lang='lat' dir='ltr'><strong>tronymicum</strong></span> <span class='ocrx_word' id='word_1_152' title='bbox 566 3423 629 3494; x_wconf 87' lang='lat' dir='ltr'><strong>est,</strong></span> <span class='ocrx_word' id='word_1_153' title='bbox 658 3418 764 3501; x_wconf 89' lang='lat' dir='ltr'><strong>potuit</strong></span> <span class='ocrx_word' id='word_1_154' title='bbox 785 3425 889 3480; x_wconf 84' lang='lat' dir='ltr'><strong>tamen</strong></span> <span class='ocrx_word' id='word_1_155' title='bbox 913 3418 1006 3480; x_wconf 89' lang='lat' dir='ltr'><strong>etiam</strong></span> <span class='ocrx_word' id='word_1_156' title='bbox 1028 3436 1087 3502; x_wconf 92' lang='lat' dir='ltr'><strong><em>pro</em></strong></span> <span class='ocrx_word' id='word_1_157' title='bbox 1110 3414 1223 3503; x_wconf 82' lang='lat' dir='ltr'><strong>gentili</strong></span> <span class='ocrx_word' id='word_1_158' title='bbox 1243 3437 1334 3479; x_wconf 90' lang='lat' dir='ltr'><strong>usur-</strong></span> 
     </span>
     <span class='ocr_line' id='line_1_26' title="bbox 330 3523 1333 3613; baseline -0.001 -23"><span class='ocrx_word' id='word_1_159' title='bbox 330 3528 406 3613; x_wconf 89' lang='lat' dir='ltr'><strong>pari,</strong></span> <span class='ocrx_word' id='word_1_160' title='bbox 429 3523 693 3610; x_wconf 84' lang='lat' dir='ltr'><strong>quemadmodum</strong></span> <span class='ocrx_word' id='word_1_161' title='bbox 709 3527 906 3605; x_wconf 77' lang='grc' dir='ltr'><strong><em>Πλαταέὸης</em></strong></span> <span class='ocrx_word' id='word_1_162' title='bbox 927 3525 968 3591; x_wconf 93' lang='lat' dir='ltr'><strong><em>de</em></strong></span> <span class='ocrx_word' id='word_1_163' title='bbox 989 3526 1170 3592; x_wconf 80' lang='lat' dir='ltr'><strong>Plataeensi</strong></span> <span class='ocrx_word' id='word_1_164' title='bbox 1192 3528 1262 3590; x_wconf 87' lang='lat' dir='ltr'><strong>cive</strong></span> <span class='ocrx_word' id='word_1_165' title='bbox 1285 3525 1333 3590; x_wconf 95' lang='lat' dir='ltr'><strong><em>di-</em></strong></span> 
     </span>
     <span class='ocr_line' id='line_1_27' title="bbox 329 3632 1333 3718; baseline 0 -16"><span class='ocrx_word' id='word_1_166' title='bbox 329 3639 375 3702; x_wconf 89' lang='lat' dir='ltr'><strong><em>xit</em></strong></span> <span class='ocrx_word' id='word_1_167' title='bbox 406 3635 630 3703; x_wconf 86' lang='lat' dir='ltr'><strong>Theodoridas</strong></span> <span class='ocrx_word' id='word_1_168' title='bbox 655 3637 951 3718; x_wconf 83' lang='lat' dir='ltr'><strong>Anth.Pal.X111,</strong></span> <span class='ocrx_word' id='word_1_169' title='bbox 974 3640 1014 3704; x_wconf 80' lang='lat'><strong><em>21</em></strong></span> <span class='ocrx_word' id='word_1_170' title='bbox 1047 3633 1266 3714; x_wconf 83' lang='grc' dir='ltr'><strong><em>Μνασάλκεος</em></strong></span> <span class='ocrx_word' id='word_1_171' title='bbox 1293 3632 1333 3702; x_wconf 84' lang='grc' dir='ltr'><strong><em>τὸ</em></strong></span> 
     </span>
     <span class='ocr_line' id='line_1_28' title="bbox 331 3748 1334 3835; baseline -0.001 -21"><span class='ocrx_word' id='word_1_172' title='bbox 331 3748 425 3835; x_wconf 81' lang='grc' dir='ltr'><strong><em>σᾶμα</em></strong></span> <span class='ocrx_word' id='word_1_173' title='bbox 447 3750 492 3813; x_wconf 84' lang='grc' dir='ltr'><strong><em>τῶ</em></strong></span> <span class='ocrx_word' id='word_1_174' title='bbox 507 3749 696 3829; x_wconf 82' lang='grc' dir='ltr'><strong><em>Πλαταέδα,</em></strong></span> <span class='ocrx_word' id='word_1_175' title='bbox 718 3750 935 3835; x_wconf 79' lang='grc' dir='ltr'><strong><em>Περγαμίδης</em></strong></span> <span class='ocrx_word' id='word_1_176' title='bbox 954 3749 994 3815; x_wconf 94' lang='lat' dir='ltr'><strong><em>de</em></strong></span> <span class='ocrx_word' id='word_1_177' title='bbox 1015 3748 1236 3815; x_wconf 87' lang='lat' dir='ltr'><strong>Laomedonte</strong></span> <span class='ocrx_word' id='word_1_178' title='bbox 1251 3751 1334 3814; x_wconf 90' lang='lat' dir='ltr'><strong>Tro-</strong></span> 
     </span>
     <span class='ocr_line' id='line_1_29' title="bbox 330 3859 1334 3948; baseline 0 -24"><span class='ocrx_word' id='word_1_179' title='bbox 330 3862 405 3925; x_wconf 92' lang='lat' dir='ltr'><strong>iano</strong></span> <span class='ocrx_word' id='word_1_180' title='bbox 428 3860 618 3925; x_wconf 88' lang='lat' dir='ltr'><strong>Aristoteles</strong></span> <span class='ocrx_word' id='word_1_181' title='bbox 641 3860 736 3926; x_wconf 84' lang='lat' dir='ltr'><strong>Anth.</strong></span> <span class='ocrx_word' id='word_1_182' title='bbox 758 3859 825 3926; x_wconf 87' lang='lat' dir='ltr'><strong>Pel.</strong></span> <span class='ocrx_word' id='word_1_183' title='bbox 848 3860 931 3948; x_wconf 89' lang='lat' dir='ltr'><strong>App.</strong></span> <span class='ocrx_word' id='word_1_184' title='bbox 954 3862 998 3940; x_wconf 89' lang='lat'><strong><em>11,</em></strong></span> <span class='ocrx_word' id='word_1_185' title='bbox 1019 3884 1050 3948; x_wconf 90' lang='lat' dir='ltr'><strong><em>p.</em></strong></span> <span class='ocrx_word' id='word_1_186' title='bbox 1075 3863 1153 3940; x_wconf 78' lang='lat'><strong>755,</strong></span> <span class='ocrx_word' id='word_1_187' title='bbox 1175 3862 1218 3926; x_wconf 79' lang='lat'><strong><em>83</em></strong></span> <span class='ocrx_word' id='word_1_188' title='bbox 1241 3862 1334 3945; x_wconf 89' lang='grc' dir='ltr'><strong><em>Περ-</em></strong></span> 
     </span>
     <span class='ocr_line' id='line_1_30' title="bbox 302 3964 1335 4058; baseline 0.001 -23"><span class='ocrx_word' id='word_1_189' title='bbox 302 3994 305 3999; x_wconf 93' lang='grc'><em>·</em></span> <span class='ocrx_word' id='word_1_190' title='bbox 329 3971 473 4056; x_wconf 80' lang='grc' dir='ltr'><strong><em>γαμέδην</em></strong></span> <span class='ocrx_word' id='word_1_191' title='bbox 494 3967 608 4037; x_wconf 83' lang='grc' dir='ltr'><strong><em>κεύθει</em></strong></span> <span class='ocrx_word' id='word_1_192' title='bbox 624 3964 723 4058; x_wconf 74' lang='grc' dir='ltr'><strong><em>χθων</em></strong></span> <span class='ocrx_word' id='word_1_193' title='bbox 735 3968 969 4057; x_wconf 83' lang='grc' dir='ltr'><strong><em>Λαομεδόντα,</em></strong></span> <span class='ocrx_word' id='word_1_194' title='bbox 992 3971 1163 4055; x_wconf 82' lang='grc' dir='ltr'><strong><em>Κρηνέδης</em></strong></span> <span class='ocrx_word' id='word_1_195' title='bbox 1176 3992 1236 4058; x_wconf 92' lang='lat' dir='ltr'><strong><em>pro</em></strong></span> <span class='ocrx_word' id='word_1_196' title='bbox 1253 3969 1335 4038; x_wconf 84' lang='lat' dir='ltr'><strong>Cre-</strong></span> 
     </span>
     <span class='ocr_line' id='line_1_31' title="bbox 329 4082 1334 4171; baseline 0 -23"><span class='ocrx_word' id='word_1_197' title='bbox 329 4084 413 4148; x_wconf 90' lang='lat' dir='ltr'><strong>tensi</strong></span> <span class='ocrx_word' id='word_1_198' title='bbox 435 4086 545 4149; x_wconf 89' lang='lat' dir='ltr'><strong>nescio</strong></span> <span class='ocrx_word' id='word_1_199' title='bbox 568 4085 637 4170; x_wconf 92' lang='lat' dir='ltr'><strong>quis</strong></span> <span class='ocrx_word' id='word_1_200' title='bbox 660 4084 745 4171; x_wconf 89' lang='lat' dir='ltr'><strong>apud</strong></span> <span class='ocrx_word' id='word_1_201' title='bbox 761 4084 909 4151; x_wconf 88' lang='lat' dir='ltr'><strong>Photium</strong></span> <span class='ocrx_word' id='word_1_202' title='bbox 930 4087 1007 4151; x_wconf 85' lang='lat' dir='ltr'><strong>Lex.</strong></span> <span class='ocrx_word' id='word_1_203' title='bbox 1021 4107 1052 4171; x_wconf 90' lang='lat' dir='ltr'><strong><em>p.</em></strong></span> <span class='ocrx_word' id='word_1_204' title='bbox 1071 4085 1142 4163; x_wconf 79' lang='lat'><strong>178,</strong></span> <span class='ocrx_word' id='word_1_205' title='bbox 1160 4085 1217 4150; x_wconf 83' lang='lat'><strong><em>15:</em></strong></span> <span class='ocrx_word' id='word_1_206' title='bbox 1239 4082 1334 4170; x_wconf 88' lang='grc' dir='ltr'><strong><em>Κρη-</em></strong></span> 
     </span>
    </p>
   </div>
   <div class='ocr_carea' id='block_1_9' title="bbox 0 0 1518 4826">
    <p class='ocr_par' dir='ltr' id='par_1_13' title="bbox 0 0 1518 4826">
     <span class='ocr_line' id='line_1_32' title="bbox 0 0 1518 4826; baseline 0 0"><span class='ocrx_word' id='word_1_207' title='bbox 0 0 1518 4826; x_wconf 95' lang='lat' dir='ltr'><strong><em> </em></strong></span> 
     </span>
    </p>
   </div>
  </div>
 </body>
</html>
