3016 4808
577 460 787 512 ΔΙΟΤΙΜΟΥ
1150 459 1186 514 55

177 607 215 690 ὅς
236 633 316 677 ποτε
337 611 394 676 καὶ
414 608 556 694 βασιλῆϊ
577 609 759 700 συνέδραμε
781 610 838 676 καὶ
859 605 930 695 μετ’
953 603 1110 698 Ἐρώτων.

216 725 349 812 χαίρετε
371 715 577 812 κουφόταται
604 721 760 809 δαίμονες
782 715 977 787 ἀθανάτων.

177 832 273 902 αὐλοὶ
296 830 326 899 δ’
353 826 543 922 ἄφθεγκτον
564 835 620 899 καὶ
643 829 820 911 άιιευθέες,
843 835 880 898 οί
898 827 929 898 σ’
956 836 1126 900 ἐνέπουσιν

219 941 336 1024 κεῖσθ,
358 944 428 1011 έιιεὶ
450 940 491 1009 οὐ
511 938 658 1019 θιάσους
678 935 766 1028 ίερὸς
788 939 852 1011 οἶδ’
874 939 1027 1033 Ἀχέρων.

580 1135 779 1157 ——-—-

494 1344 865 1412 ΔΙΟΤΙΜΟΎ

666 1647 691 1712 Ι.

179 1766 365 1864 Φωσφόρος
387 1760 414 1837 ὦ
436 1764 569 1859 σάτειρ,
591 1772 646 1837 ὲιτὶ
666 1766 850 1849 Παλλάδος
872 1772 995 1838 έσταθι
1016 1765 1153 1858 κλήρων,

213 1878 363 1974 Ἄρτεμι,
386 1884 443 1948 καὶ
461 1882 579 1971 χαρίεν
600 1881 672 1973 φῶς
693 1873 750 1947 ίδν
772 1879 869 1971 άνδρὶ
891 1884 992 1962 δίδου,
1110 1902 1115 1908 ·

175 1993 266 2080 αὐτῷ
287 1997 344 2061 καὶ
364 1993 472 2084 γενεῇ,
495 1988 534 2059 τό
556 2016 616 2082 περ
641 1990 793 2082 εὐμαρές·
818 1990 857 2061 οὐ
878 1989 942 2083 γάρ
965 1991 1124 2083 άφαυρῶς

218 2113 254 2172 ἐκ
275 2099 353 2183 Διὸς
374 2106 485 2186 λθείης
512 2099 580 2171 οἶδε
602 2100 751 2172 τάλαντα
773 2105 875 2187 δίκης.

174 2209 277 2296 άλσος
298 2214 342 2297 δ’,
358 2210 511 2306 Ἄρτεμι,
532 2217 632 2284 τοῦτο
654 2219 711 2283 καὶ
733 2210 777 2282 άν
800 2218 985 2304 Χαρίτεσσι
1004 2212 1167 2295 θεοάσαις

218 2329 267 2411 ε’ίη
290 2326 334 2396 ἐπ’
361 2326 556 2416 ἀνθεμίδων
578 2322 739 2414 σάμβαλα
760 2330 872 2420 κοῦφα
892 2328 1018 2413 βαλεῖν.

660 2487 699 2552 ΙΙ.

177 2613 285 2698 Χαῖρέ
306 2633 365 2697 μοι
386 2605 468 2698 άβρδ
489 2605 643 2689 κάπασσι,
664 2604 724 2676 τὸν
743 2604 899 2701 Ὀμφάλη
921 2604 944 2690 ἥ
965 2632 1045 2676 ποτε
1059 2607 1159 2693 Λυδή

217 2725 384 2808 λυσαμένη
407 2717 558 2813 φιλότητ’
584 2711 693 2803 ἦλθεν
715 2727 748 2799 ἐς
767 2720 979 2809 Ἡρακλέους.

174 2827 288 2919 ὄλβιος
309 2823 409 2913 ἦσθα
430 2827 575 2900 κάπασσι
595 2835 651 2899 καὶ
674 2830 717 2911 ὡς
736 2831 812 2900 τότε
832 2835 888 2899 καὶ
909 2828 1024 2913 πάλιν,
1047 2829 1085 2913 ὃς
1106 2838 1167 2904 νῦν

213 2941 356 3034 χρύσεον
373 2941 565 3033 Ἀρτέμιδος
587 2942 676 3011 τοῦτ’
703 2945 821 3030 ἐπέβης
842 2945 1026 3033 μέλαθρον.

630 3147 634 3156 ι
648 3103 693 3169 111

169 3223 227 3304 Ὡς
246 3231 368 3313 ττρέιτει,
384 3217 539 3312 ’Ἀρτεμίς
555 3223 611 3311 εἰμ’
617 3247 626 3264 ·
648 3218 684 3294 εὖ
698 3225 728 3293 δ’
741 3221 898 3315 ’Ἀρτεμιν
912 3222 1011 3304 αὐτὸς
1025 3224 1044 3293 ὁ
1056 3224 1180 3314 χαλκός

216 3331 334 3423 μανύει
355 3329 464 3417 Ζηνὸς
484 3333 563 3423 κοτἰχ
584 3342 696 3427 ἑτέρου
717 3335 884 3426 θύγατρα.

172 3451 349 3536 τεκμαίρου
370 3442 409 3514 τὸ
432 3443 566 3536 θράσος
586 3450 648 3527 τάς
668 3451 851 3538 παρθένου.
879 3437 902 3530 ἦ
923 3445 968 3536 ῥά
990 3473 1045 3517 κεν
1067 3449 1178 3529 ε’ίιτοις·

216 3560 311 3625 πᾶσα
329 3553 428 3646 χθων
451 3556 565 3644 ὀλίγον
586 3540 665 3646 τᾷδε
688 3565 890 3646 κυναγίσιον.

242 3832 321 3890 Vs.5
339 3833 400 3892 fort.
420 3835 552 3898 άτιευθέες
568 3833 620 3892 αλλ’
634 3843 765 3892 ίνίτιοοσιν
785 3835 832 3894 Vs.
848 3838 867 3902 6
884 3843 939 3894 ἐπεὶ
957 3835 1025 3893 οὔθ’
1039 3839 1108 3910 ἱερὸς
1126 3835 1176 3893 οἶδ’

170 3918 292 3994 Ἀχέρων.
311 3952 344 3962 -
368 3920 388 3977 l.
407 3919 463 3978 Pal.
477 3919 529 3989 VI,
546 3923 608 3978 267.
630 3918 707 3977 val
727 3921 789 3979 fort.
807 3920 849 3979 ἐπ’
867 3921 1033 3985 Ἀτιολλάδος
1050 3920 1129 3978 V8.3
1145 3925 1177 3977 τὰ

173 4004 235 4081 πόρ’
258 4005 338 4063 Vs.5
356 4005 418 4064 fort.
436 4012 548 4072 θεοειδές
567 4037 600 4048 ·-
623 4006 656 4063 ll.
679 4005 736 4064 Pal.
749 4007 796 4077 vl,
813 4011 876 4067 358.
899 4006 948 4066 Vs.
964 4011 984 4064 3
1001 4006 1063 4063 fort.
1087 4010 1179 4070 καθὼς

173 4123 206 4134 -
225 4090 269 4148 Ill.
288 4090 437 4151 Plan.158.
455 4093 504 4151 Vs.
518 4096 533 4148 l
554 4101 577 4150 εὶ
595 4092 622 4150 δ’
633 4092 675 4151 Ἀ.
688 4093 769 4158 αιἰτός
781 4097 796 4152 ὁ
806 4095 916 4167 χαλκεύς
932 4092 1011 4151 Μ
1029 4092 1162 4168 θύγατρα,
