3028 4826
437 464 701 528 ΑΒΝΟΤΑΤΙΟ
725 464 912 526 ΟΒΙΤΙΟΑ.
1128 472 1178 526 167

172 617 336 683 Brunckio
359 640 396 684 ex
418 619 591 686 Plutarcho
614 620 699 685 Mor.
722 620 767 698 11,
794 644 825 707 p.
849 622 915 685 2⁴0
937 619 978 686 F.
1002 618 1119 699 adieci,
1148 630 1180 684 et

173 751 219 794 vs.
238 730 255 794 7
281 751 319 794 ex
342 730 456 796 eodem
478 734 592 819 scripsi
614 728 746 817 ἀχρεῖον
768 751 829 818 pro
851 731 923 818 ἔρρε
945 724 1055 795 κακόν.

260 843 302 906 V.
340 843 398 907 Vs.
419 846 435 907 l
459 842 630 907 Jacobsius
650 844 765 920 ταῦτα,
787 842 924 907 fortasse
938 862 1107 928 operarum
1131 865 1179 906 er-

172 975 258 1018 rore.
292 953 371 1018 Mox
393 975 452 1040 pro
475 954 657 1042 ἐπικαίρων
672 952 854 1018 Brunckius
871 948 1046 1040 ἐπικήρων,
1068 953 1178 1018 Alie

173 1059 379 1152 ἀποκείρων,
399 1064 572 1130 Jacobsius
594 1059 791 1151 ὲιεικάρόιον,
815 1063 902 1151 quod
917 1086 1025 1129 verum
1041 1063 1177 1130 videtur.

172 1177 268 1240 vs.3
291 1175 363 1241 cod.
387 1176 584 1263 ἐλευθερίης,
606 1196 685 1261 prae
706 1196 770 1260 quo
789 1175 910 1240 nollem
924 1175 1095 1240 Jacobsius
1112 1199 1177 1241 cer-

173 1288 322 1350 tissimam
350 1287 474 1352 Reiskii
508 1289 721 1351 coniecturam
747 1282 964 1372 Ἐίεοθέρνης
995 1290 1175 1374 sprevisset.

171 1397 309 1462 Liberae
331 1395 530 1483 sepulturae,
552 1395 592 1462 de
615 1419 677 1483 que
700 1397 772 1463 cod.
794 1397 964 1463 lectionem
987 1401 1176 1486 interpreta-

173 1523 225 1572 tur
245 1507 432 1586 Jacobsius,
460 1506 567 1572 nullus
595 1506 647 1572 hic
675 1506 767 1572 locus
795 1520 852 1574 est.
902 1509 956 1574 De
981 1511 1174 1576 Eleutherna

171 1620 251 1684 urbe
273 1622 307 1684 in
329 1618 454 1684 boreali
476 1617 595 1685 Cretae
616 1617 727 1685 littore
749 1623 810 1684 sita
830 1645 861 1686 v.
876 1620 1022 1687 Wessel.
1043 1622 1086 1686 ed
1100 1624 1177 1689 Hie-

171 1730 249 1796 rocl.
272 1755 304 1819 p.
328 1734 401 1798 650.
509 1729 513 1735 ¹
679 1795 692 1834 ς

258 1844 315 1907 VI.
353 1845 411 1908 Vs.
436 1845 453 1908 l
484 1841 556 1908 cod.
583 1837 691 1922 εὐήθη
719 1838 896 1928 Τρίτωνος.
941 1843 1121 1909 Brunclrius
1143 1855 1176 1910 et

170 1954 342 2020 Jacobsius
365 1949 489 2034 Εὐήθη
517 1949 701 2040 Τρίτωνος,
728 1974 788 2041 pro
812 1976 876 2040 quo
899 1964 984 2020 certe
1012 1957 1176 2043 Τρίτωνος

171 2065 392 2153 reponendum
415 2075 492 2132 erat.
532 2065 651 2152 Scripsi
672 2087 738 2152 quo
761 2064 881 2130 codicis
903 2069 1058 2153 scriptura
1080 2067 1175 2148 ducit,

172 2172 299 2259 εὐήθης
319 2180 483 2266 Τριτωνίς,
504 2187 541 2243 ut
561 2176 666 2253 voluit
686 2180 748 2242 iam
764 2177 916 2266 Scaliger.
949 2179 1078 2243 Nomen
1101 2203 1174 2268 pro-

171 2293 274 2376 prium
303 2292 474 2378 Τρειτονίς
495 2289 612 2378 legitur
634 2292 668 2355 in
689 2289 785 2355 titulo
804 2289 890 2377 apud
904 2289 1047 2355 Boeckh.
1072 2290 1172 2378 Corp.

171 2402 268 2466 Inscr.
291 2401 336 2480 lI,
358 2424 390 2489 p.
414 2402 456 2466 73
478 2423 510 2465 n.
532 2403 629 2467 2046.
674 2403 739 2468 Pro
761 2396 924 2487 ἑλοχεύθη
950 2401 1021 2466 cod.
1045 2397 1173 2487 ἐλοχεύ-

170 2513 258 2592 θην,
287 2509 375 2598 quod
396 2510 471 2576 vide
499 2533 540 2577 an
561 2508 742 2600 ἐλοχεύθης
768 2516 877 2600 potius
899 2512 1100 2577 scribendum
1123 2516 1178 2593 sit,

171 2644 253 2710 quae
274 2625 301 2687 si
323 2644 400 2688 vera
423 2632 472 2689 est
485 2623 592 2708 lectio,
613 2636 755 2713 apertum
771 2634 821 2690 est
841 2626 924 2688 vs.2
948 2625 1170 2712 corrigendum

172 2755 255 2815 esse,
283 2731 324 2800 οὐ
344 2727 409 2822 γάρ
431 2727 474 2800 νίν
495 2725 550 2800 ὧδ’
569 2728 660 2817 ι’ίλεο,
682 2736 852 2824 δαιμονίη,
881 2731 1060 2824 ἀρτιτόκος.
1105 2738 1171 2801 Ne-

167 2868 232 2933 que
254 2846 363 2912 obstat
389 2845 476 2931 quod
503 2857 601 2934 poeta
630 2847 892 2935 insequentibus
917 2850 1009 2912 tertia
1031 2869 1169 2936 persona

88 3037 91 3044 ι
168 2961 276 3024 utitur.
327 2960 429 3023 vs.3
458 2958 529 3024 cod.
559 2956 739 3048 ἀρείτοκος.
790 2959 962 3046 Sequentia
991 2943 1170 3024 einendavit

169 3070 337 3136 Planudes.
371 3069 455 3138 Cori
478 3064 520 3136 τοί
542 3072 577 3136 δὲ
598 3063 707 3135 πολλὰ
728 3094 854 3156 κοταγη
877 3075 913 3138 ἑν
934 3071 1059 3160 βρέφος
1082 3066 1169 3156 ᾅδειν

168 3175 228 3246 σὺν
249 3184 356 3272 κλεινή
378 3179 517 3263 δεκάτην
539 3178 599 3266 οὐχ
619 3179 698 3267 ὑπὲρ
721 3182 812 3267 ήιρεν
834 3187 883 3249 ἕω.
