3026 4816
437 405 696 497 nonornrro
720 436 904 496 corriel.
1139 442 1175 497 oe

259 592 328 657 XII.
366 592 424 656 Vs.
450 594 466 656 1
498 611 558 677 pro
586 590 662 682 τῇδε
691 591 764 656 fort.
794 590 878 655 τεῖδε
899 587 953 654 vel
975 599 1063 656 certe
1084 591 1173 676 τᾷδε.

172 705 267 768 Vsa
296 700 507 790 probabiliter
528 701 697 767 Jacobsius
719 698 868 790 ἀγρείας,
897 701 985 788 quod
1013 702 1100 768 haud
1128 705 1175 790 in-

172 815 323 900 frequens
357 812 479 900 platani
507 813 672 900 epitheton
702 822 757 877 est.
807 814 911 878 Vs.3
941 809 1076 890 Μάλιος
1106 813 1173 878 Pal.

173 925 260 1012 quod
294 925 511 990 revocandum
547 946 618 991 esse
651 926 776 989 monuit
805 924 976 990 Jacobsins
1009 927 1044 990 in
1078 928 1173 990 notis.

172 1036 283 1125 Vulgo
307 1031 469 1113 Μάλλιος.

259 1147 345 1213 Xlll.
381 1147 552 1233 Aethyiam
581 1148 752 1224 nonanis,
780 1145 837 1211 sed
861 1149 1000 1212 cursoris
1022 1148 1174 1233 equino-

172 1281 245 1324 men
268 1279 339 1323 esse
360 1279 436 1322 vere
457 1261 582 1324 monuit
602 1256 780 1336 Jacobsius,
807 1259 867 1343 qui¹
883 1279 929 1322 vs.
951 1260 973 1323 3
994 1281 1054 1346 pro
1077 1253 1175 1324 νάεσ-

172 1391 225 1436 σιν
248 1372 387 1435 coniecit
408 1364 612 1455 κεμάδεσσιν.
650 1369 726 1454 Quo
749 1389 818 1433 non
840 1390 922 1455 opus
946 1391 1017 1434 esse
1038 1370 1173 1435 videtur.

172 1483 317 1567 Respicit
351 1491 450 1567 poeta
477 1484 606 1546 navium
641 1482 912 1560 concertationes,
947 1479 1056 1566 quales
1089 1479 1175 1567 apud

171 1592 298 1657 Actium
325 1593 465 1678 ipsisque
493 1591 629 1657 Athenis
657 1590 915 1670 celebrabantur,
943 1591 1078 1658 testibus
1105 1592 1176 1658 Ste-

86 1761 89 1766 .
171 1704 266 1791 phau.
289 1704 370 1788 Byr.
386 1726 411 1768 s.
427 1727 458 1768 v.
476 1695 610 1768 ’Ἀκτιον
630 1727 662 1789 p.
679 1705 731 1770 85.
762 1701 909 1790 Thucyd.
925 1703 998 1783 Vll,
1018 1706 1072 1770 32.
1104 1705 1175 1769 Pla-

172 1825 250 1880 tone
268 1816 392 1903 Fragm.
416 1813 508 1880 Com.
531 1836 636 1902 graec.
659 1815 698 1895 11,
721 1839 753 1902 p.
768 1817 843 1881 679.
863 1799 947 1880 ¹Cir.
962 1815 1078 1905 Virgil.
1092 1817 1174 1882 Aen.

171 1928 212 2006 V,
235 1928 298 1991 latr
322 1947 389 2013 sqq.

258 2037 330 2101 XV.
369 2036 522 2104 Chersiae
537 2037 755 2104 Orchomenio
778 2038 889 2103 tribuit
905 2039 969 2103 hoc
983 2040 1174 2127 epigramma

171 2150 307 2215 Pausan.
330 2149 387 2228 lX,
410 2151 469 2229 38,
491 2151 513 2215 3
540 2149 596 2214 ubi
621 2148 709 2235 quod
730 2170 777 2212 vs.
799 2152 821 2215 3
849 2148 967 2238 legitur
988 2155 1023 2215 ἐν
1040 2146 1174 2217 Ἑλλάδι

170 2260 268 2337 κῦδος
284 2257 416 2349 ὀρεῖται,
438 2259 575 2347 praetuli
593 2260 726 2326 lectioni
739 2259 807 2324 Pal.
823 2265 859 2324 ἐν
873 2256 1067 2347 ἀνθρώποις
1081 2263 1174 2339 κλέος

171 2374 269 2439 ἐστίν.
321 2371 404 2438 Cum
432 2371 500 2437 Pal.
531 2375 691 2437 consentit
711 2371 867 2440 Proculus
896 2372 937 2437 ad
959 2372 1092 2437 Hesiod.
1122 2372 1172 2438 ed.

171 2483 272 2550 Gaisf.
294 2508 327 2570 p.
344 2487 362 2551 7
388 2494 420 2549 et
435 2486 570 2549 Tzetzes
593 2483 670 2549 ibid.
687 2508 719 2571 p.
736 2487 788 2563 17,
810 2485 864 2570 qui
879 2484 964 2550 idem
981 2487 1173 2574 epigramma

170 2594 347 2661 attulerunt
369 2599 507 2662 auctoris
529 2598 660 2661 nomine
682 2597 810 2660 omisso.
989 2657 1005 2673 ,

257 2707 360 2772 XVll.
395 2708 454 2773 Vs.
472 2711 489 2773 l
513 2707 623 2773 verum
645 2705 772 2771 videtur
794 2706 882 2793 quod
902 2706 1073 2773 Jacobsius
1096 2707 1171 2773 olim

172 2820 310 2884 coniecit
330 2841 416 2883 nunc
436 2820 549 2883 reiecit
570 2813 790 2909 Περσεφόνας
812 2813 1025 2909 ὀλοόφρονος.
1065 2819 1104 2883 ln
1124 2841 1173 2885 se-

170 2930 340 3018 quentibus
362 2931 481 2995 malim:
511 2925 534 2995 o'c'
563 2926 588 2995 o’
614 2923 681 2994 ἀπὸ
704 2921 852 3020 φαιδρὰν
876 2931 1011 2996 ἔκλασεν
1033 2926 1172 3010 ἁλικίαν,

169 3047 270 3128 'quae
293 3041 461 3108 hilarem
483 3052 585 3107 tuam
607 3044 857 3108 iuventutem
880 3042 1054 3129 abrupit.
1104 3043 1173 3108 Du-

169 3153 243 3241 plex
264 3156 571 3219 accusativus·recte
593 3154 698 3219 habet.
743 3154 802 3218 Vs.
825 3155 847 3217 3
873 3175 934 3240 pro
957 3153 1032 3241 περὶ
1053 3148 1172 3241 δάκρυ-

171 3284 225 3331 σιν
253 3268 363 3351 scripsi
384 3259 607 3354 αεριδάκρνοι,
635 3262 722 3353 quod
751 3287 847 3350 quum
868 3267 1001 3351 primum
1027 3266 1061 3329 iu
1082 3288 1172 3353 περι-

171 3371 309 3464 ὃάκρνσι
331 3387 514 3464 corruptum
538 3387 630 3457 esset,
651 3377 723 3441 lieri
744 3397 811 3442 non
833 3379 940 3462 potuit
961 3357 1038 3462 quin
1059 3386 1172 3462 postea

170 3486 342 3552 adderetur
374 3511 403 3554 ν.
432 3484 711 3574 καταμύσσεσθαί
744 3510 819 3553 τινα
853 3487 965 3553 eodem
998 3486 1096 3552 modo
1127 3486 1173 3552 di-

172 3608 255 3664 ctum
287 3609 336 3665 est
362 3621 426 3687 quo
457 3599 573 3665 dicitur
595 3595 783 3666 κόπτεσθαί
804 3622 893 3678 τινα,
921 3579 1057 3686 aliquem
1084 3599 1173 3685 plan-

170 3732 256 3800 gere.
287 3687 349 3777 ‘lta
371 3710 451 3776 nihil
472 3710 668 3777 difficultatis
690 3720 789 3776 restat
814 3712 847 3774 in
869 3709 945 3776 loco
968 3709 1074 3776 multis
1098 3733 1173 3779 con-

170 3825 300 3889 iecturis
322 3823 438 3889 frustra
460 3833 585 3888 vexato.
621 3825 790 3888 Praeterea
811 3823 1018 3889 memorabile
1042 3832 1091 3887 est
1111 3819 1173 3901 λᾶς

169 3955 288 4022 genere
316 3935 470 4002 feminino
498 3945 683 4021 usurpatum
711 3945 747 4000 ut
774 3935 979 4001 aNicandro
1009 3935 1105 3999 Ther.
1129 3937 1181 4022 45Ι

173 4041 345 4134 Θρήϊσσαν
365 4044 548 4138 ἑνιφλέξαις
574 4048 652 4136 scopi
673 4047 761 4113 λᾶαν
789 4056 822 4112 et
843 4044 1026 4113 Alexandro
1050 4045 1171 4112 Aetolo
