3026 4816
441 463 701 523 ADNOTATlO
726 463 909 523 cullius.
1127 468 1180 524 133

174 637 238 695 σας
259 615 343 705 (leg.
364 611 543 702 Ὀδρύσας)
573 612 668 697 δήϊον
695 613 866 700 ἀμπεδίον.
916 617 970 681 De
996 637 1060 702 quo
1082 639 1178 684 versu

173 728 249 796 vide
278 750 361 814 quac
389 728 470 792 infra
494 727 558 792 dixi
586 726 626 792 ad
648 728 761 792 Niciae
783 729 893 816 Epigr.
915 728 945 806 l,
968 731 999 792 4.
1044 728 1093 792 Ac
1114 729 1179 794 lor·

173 849 259 906 tasse
281 841 376 905 ctiam
398 837 581 927 Antiphilus
604 838 699 903 Anth.
721 836 789 903 Pal.
812 838 864 917 lX,
888 839 951 902 551
979 841 1107 926 scripsit
1126 843 1178 905 ίιι-

173 951 276 1031 δηίων
296 945 434 1035 κόχλους
461 951 517 1013 καὶ
545 947 658 1036 βρύον.
711 949 875 1034 Corrupto
903 946 1001 1013 lectio
1030 944 1124 1030 δήίος
1144 953 1178 1015 in

172 1083 268 1126 causa
290 1061 358 1140 luit,
379 1069 417 1125 ut
439 1059 510 1125 cod.
526 1059 594 1126 Pal.
616 1059 765 1126 librarius
788 1065 833 1137 είς
853 1053 1005 1146 μαχητήν
1026 1061 1090 1126 hoc
1112 1083 1178 1126 cer-

171 1193 245 1237 men
267 1174 418 1257 scriptum
439 1180 575 1259 putaret.

259 1283 431 1347 LXXXIV.
465 1285 524 1348 Vs.
543 1284 564 1348 3
587 1279 808 1370 ἀρεσκομένου
823 1282 1005 1348 Jacobsius.
1040 1280 1177 1371 ἀρεσκό-

170 1414 272 1479 μενον
300 1392 371 1458 cod.
416 1394 474 1459 Vs.
499 1397 518 1460 4
548 1393 619 1459 οοδ.
648 1395 780 1459 πολλῶν
804 1395 839 1459 δὲ
860 1389 980 1486 μνήμη.
1026 1392 1177 1460 Correxit

170 1503 324 1592 Scaliger.
369 1507 471 1570 Vsli
501 1506 575 1570 etl
607 1526 644 1569 cx
672 1503 763 1570 Plan.
793 1515 1004 1570 accesserunt.
1054 1505 1176 1570 Eorum

169 1619 305 1704 primum
328 1615 368 1681 ab
391 1619 462 1705 ipso
485 1614 628 1681 Plauudc
651 1615 770 1680 lactum
792 1638 863 1682 esse
885 1626 972 1681 recte
995 1619 1104 1682 statuit
1122 1618 1177 1680 Je-

170 1727 309 1824 eobsius.
354 1727 413 1792 Vs.
435 1729 456 1792 8
480 1726 551 1792 cod.
574 1727 640 1792 Pal.
664 1721 745 1793 roim
767 1730 921 1812 lucitus„
945 1727 1035 1794 Plau.
1059 1729 1176 1792 ίίίῠναι

170 1833 294 1919 κοινήν.
338 1838 498 1925 Sequutus
527 1861 596 1904 sum
623 1837 818 1905 Jacobsium.
863 1840 928 1904 Pro
957 1833 1075 1920 λαλιήν
1103 1837 1175 1902 cod.

169 1951 299 2029 λασίην.
337 1949 396 2013 Vs.
415 1952 436 2013 9
458 1969 519 2034 pro
541 1951 598 2014 καὶ
618 1949 789 2016 Jacobsius
811 1955 878 2016 κείν
899 1949 953 2015 vel
974 1947 1044 2030 κήν.
1091 1948 1174 2016 Cod.

169 2064 234 2126 κέν.
278 2059 390 2125 Verba
418 2056 552 2138 ξείνοισι
579 2061 635 2125 καὶ
664 2056 833 2145 ἐνδήμοισι
861 2064 896 2126 in
925 2060 1036 2127 cadem
1063 2082 1175 2126 versus

169 2181 262 2259 perte
289 2174 398 2258 posuit
419 2169 581 2235 Hesiodus
604 2172 692 2258 Opp.
715 2175 780 2238 225
810 2175 846 2238 οί
865 2195 899 2237 τε
926 2172 1020 2249 δίκας
1041 2170 1176 2251 ξείνοισι

170 2285 227 2348 καὶ
249 2277 418 2368 ἐνδήμοισι
439 2282 595 2348 διδοῦσιν.

264 2394 431 2460 LXXXIX.
475 2395 576 2458 Vs>o
604 2416 665 2480 pro
696 2395 859 2480 οὶχεῦμαι,
894 2395 981 2481 quod
1009 2394 1089 2459 nihil
1119 2405 1175 2475 est,

169 2508 282 2592 scripsi
296 2503 438 2590 οίχημαι.
473 2505 578 2590 Atque
594 2508 637 2570 ita
652 2509 713 2570 iem
728 2505 898 2572 Planudes.
921 2505 988 2570 Pel.
1004 2503 1158 2591 οίχεαμαι.

256 2614 326 2682 XC.
363 2617 422 2680 Vs.
443 2617 466 2681 2
487 2627 575 2681 recte
598 2616 669 2681 cod.
693 2617 984 2705 ίχδασιληίστῆρα,
1008 2624 1044 2682 ut
1064 2613 1174 2707 ἀφρο-

169 2721 337 2812 σιβόμβαξ
359 2725 443 2814 apud
466 2729 634 2792 Timonem
647 2728 929 2816 Diogenishaert
944 2728 983 2805 Π,
1003 2728 1072 2806 126,
1094 2724 1174 2792 ὑδα-

169 2831 319 2923 σιστεμής
341 2837 424 2925 apud
446 2837 628 2925 Philippum
651 2839 747 2904 Anth.
771 2837 836 2903 Pal.
859 2839 989 2918 V1,90
1019 2848 1051 2903 et
1075 2837 1173 2904 multe

171 2950 313 3016 eiusdem
342 2953 467 3037 generis
496 2950 574 3029 alia,
609 2951 649 3016 de
678 2950 794 3038 quibus
828 2952 893 3038 egit
920 2948 1103 3016 Lobeckius
1132 2949 1173 3015 ad

168 3043 289 3148 Phryni
311 3084 343 3147 p.
359 3063 434 3127 687.
472 3062 509 3125 ln
527 3058 767 3152 χηραμοδύτης,
789 3082 849 3148 pro
873 3082 937 3148 quo
960 3061 1022 3126 fuit
1044 3064 1098 3149 qui
1111 3086 1174 3148 χη-

80 3213 83 3220 ·
169 3166 384 3259 ραμοδύιιτην
405 3173 606 3238 scribendum
629 3183 782 3252 censeret,
802 3181 889 3238 recte
903 3171 1077 3258 penultima
1100 3193 1177 3260 pro-·

170 3285 304 3351 ducitur.
342 3283 417 3349 Vid.
439 3285 621 3350 Lobeckius
643 3285 779 3371 Paralip.
801 3307 832 3369 p.
849 3284 923 3348 432.
960 3286 1018 3349 Vs.
1036 3289 1058 3350 9
1080 3283 1169 3350 τοῦτ’

170 3393 210 3463 οὐ
229 3396 416 3462 Jacobsius.'
456 3394 540 3462 Cod.
563 3393 691 3464 τούτου.
712 3436 715 3441 -
735 3395 875 3462 Brunck.
898 3392 976 3478 τῷδ’
1003 3393 1051 3460 οὐ.

133 3591 138 3600 ⁸
257 3506 340 3575 XCI.
364 3509 421 3572 Vs.
434 3510 449 3574 l
466 3508 637 3574 Jacobsius
652 3529 711 3595 pro
727 3505 867 3596 ἀρχαίης
881 3509 1011 3572 coniicit
1024 3504 1171 3587 ἀκταίης.

170 3622 295 3702 Phineo,
318 3621 406 3685 cuius
428 3618 607 3706 sepulcrum
624 3618 794 3707 compellat
812 3629 920 3707 pocta,
942 3641 1013 3683 cum
1028 3619 1173 3684 Hermio-

120 3785 121 3788 *
169 3735 277 3798 nensis
306 3732 416 3810 fuerit,
445 3731 646 3796 scribendum
674 3734 820 3818 suspicor
837 3728 989 3818 Ἀργείης
1017 3719 1044 3794 ὦ
1070 3721 1173 3806 θινὸς

168 3846 435 3929 ἐπεστηλωμίνον
455 3835 575 3927 ἄχθος.
621 3841 684 3910 Cui
707 3865 773 3909 non
796 3851 954 3932 repugnat
975 3838 1063 3927 quod
1085 3840 1171 3926 apud

168 3956 386 4044 Hegesippum
414 3953 510 4019 Anth.
534 3954 598 4019 Pal.
621 3954 698 4032 Vll,
727 3957 792 4020 446
822 3953 932 4020 Zoilus
961 3953 1172 4020 Hermionen·
1204 3951 1209 3959 ’

168 4070 211 4130 sis
232 4071 266 4131 in
282 4067 474 4154 Argivorum
498 4087 577 4155 egro
600 4064 743 4152 sepultus
766 4070 801 4130 ἐν
823 4061 1021 4130 ἀλλοδαπῶν
1041 4063 1171 4145 τεθαμ-

167 4182 265 4261 μίνος
288 4179 412 4244 dicitur.
