3028 4826
528 461 846 523 comitemne.
1137 466 1191 522 203
1313 487 1315 492 ·

188 627 250 683 tem
279 620 391 683 mirum
420 627 468 683 est
501 638 607 704 neque
636 615 832 682 Brunckium
862 613 1057 682 intellexisse
1084 637 1190 702 neque

187 729 384 794 Jacobsium.
428 727 494 794 Sed
522 727 604 793 mele
625 727 710 793 idem
733 726 883 796 Reiskius
912 730 940 792 el
957 729 1018 812 χοῖ
1036 749 1076 811 με
1100 749 1190 813 περι-

187 836 376 930 γράψαντες
403 842 543 927 scripsit,
572 839 660 926 qued
680 839 861 905 Brunckius
891 849 923 905 et
944 835 1115 902 Jacobsius
1142 858 1191 902 se-

165 955 279 1040 ¹quuti
301 961 383 1017 sunt.
429 949 572 1016 Articulo
595 952 724 1015 minime
747 971 830 1037 opus
852 959 909 1016 est.
954 951 1012 1014 Vs.
1030 951 1051 1014 5
1072 949 1191 1014 Jacob-

189 1066 253 1128 sius
282 1058 417 1147 λχιλάσιν
444 1058 496 1142 ἠδ’
515 1055 579 1126 ὑπὸ
607 1062 718 1152 μοίρῃ.
771 1059 894 1146 Quidni
919 1062 975 1125 καί
996 1057 1027 1146 ῥ’
1046 1054 1126 1139 ὑπό,
1155 1070 1191 1125 ut

189 1173 275 1261 apud
296 1174 469 1238 Homemm
491 1171 528 1236 ll.
553 1174 581 1251 l,
595 1174 669 1250 361,
693 1171 814 1258 Odyss.
835 1174 886 1250 14,
899 1173 964 1237 234
987 1170 1121 1258 aliisque
1143 1171 1191 1235 lo-

189 1288 242 1349 cis.
281 1287 339 1348 Vs.
358 1285 380 1349 8
409 1281 610 1348 scribendum
633 1292 703 1347 erat
725 1305 795 1348 cum
817 1281 951 1347 Reislio
973 1283 1020 1366 τῷ
1041 1284 1093 1348 ἕνα
1115 1279 1190 1369 ὡρί-

189 1397 282 1475 σθην
309 1398 329 1459 i.
353 1416 380 1459 e.
410 1383 508 1484 ἐφ’ᾦ
536 1394 705 1476 γελᾶσθαι
733 1391 902 1480 άρλσθην,
931 1415 1008 1479 quo
1037 1415 1093 1459 me
1120 1415 1191 1458 no-

188 1508 291 1571 mine
313 1503 442 1571 rideri
464 1502 697 1569 mihiiatele
713 1513 813 1581 erat3
835 1499 989 1592 ὡρίσθην
1003 1502 1088 1570 idem
1103 1503 1191 1591 quod

188 1618 330 1700 ἔμελλον.

475 1836 701 1891 οιιιαιοοιιιιο
719 1837 778 1890 nat.
795 1838 835 1906 x,
853 1834 898 1890 οι.

236 1945 331 2036 Φρὴν
351 1946 422 2041 ἱερὴ
443 1946 569 2037 μεγάλη
589 1948 841 2037 Ἐνοσίχθονος,
863 1953 941 2019 ἕσσο
963 1953 1019 2018 καὶ
1041 1944 1155 2029 άλλοις

277 2060 373 2142 η’πλη,
394 2063 543 2149 Αλγαίην
565 2063 598 2129 οἳ
621 2064 787 2129 διέιιονσιν
808 2057 890 2128 άλα·

233 2171 335 2261 κάμοὶ
356 2168 420 2263 γάρ
447 2170 564 2258 Θρήϊκι
585 2175 770 2258 διωκομένῳ
790 2170 847 2240 ὑπ’
866 2168 950 2265 άήτῃ
1069 2251 1070 2258 ¹

277 2277 399 2375 ᾴλρεξας
420 2292 534 2374 ιιρηιῖς
552 2282 723 2369 ’Actiacis
748 2285 890 2370 λιμένας.

189 2419 349 2507 Displicet
370 2441 465 2485 versu
486 2422 589 2507 primo
612 2419 749 2486 duorum
766 2420 978 2506 epithetorum
996 2421 1189 2485 coniunctio.

189 2531 301 2596 Malim
322 2533 420 2620 igitur
441 2526 595 2617 μεγάλου,
617 2531 705 2619 quod
721 2531 872 2618 frequens
895 2541 944 2596 est
958 2534 1090 2598 maxime
1104 2532 1190 2620 apud

190 2642 423 2734 Alexandrinos
444 2645 625 2730 potentium
648 2643 782 2710 deorum
806 2643 978 2730 epitheton.
1215 2645 1216 2648 ’

447 2925 697 2982 cenninncnns
715 2928 774 2980 nat.
787 2928 854 2996 ΧΠ,
873 2925 933 2979 130.

233 3039 342 3122 Εἴποι,
369 3044 426 3109 καὶ
448 3033 492 3109 αὖ
512 3038 614 3110 πάλιν
635 3040 710 3110 εἶπα
732 3035 856 3121 ,καλὸς
877 3036 1016 3118 saltem
1044 3038 1118 3108 ἀλλ’
1145 3045 1191 3109 ἔτι
1279 3045 1282 3051 ’

305 3163 311 3172 ’
791 3149 887 3246 φήσω

278 3263 322 3342 ὡς
342 3259 456 3344 καλὸς,
483 3262 526 3344 ὡς
544 3267 669 3355 χαρίεις
690 3259 818 3354 ὄμμασι
838 3259 1024 3355 Δωρόθεος.

189 3401 238 3465 lta
259 3400 429 3466 Jacobsius
461 3405 598 3468 correxit
619 3402 691 3468 cod.
713 3400 781 3467 Pal.
803 3399 974 3466 lectionem
1003 3402 1060 3468 καὶ
1081 3396 1190 3468 πάλιν.

189 3514 260 3578 Nec
281 3534 368 3601 nego
389 3515 434 3577 ita
456 3513 596 3578 scribere
609 3516 754 3601 potuisse
769 3511 1011 3588 Callimachum
1035 3523 1067 3578 at
1087 3512 1190 3578 lenius

189 3635 295 3690 tamen
319 3626 462 3712 corriges
491 3622 608 3702 ιλιιας
634 3627 691 3692 καὶ
715 3621 817 3692 πάλιν
838 3619 923 3692 εἶπα.
974 3625 1027 3691 De
1048 3624 1105 3690 καὶ
1125 3619 1191 3690 πά·

188 3738 254 3814 λιν,
283 3736 372 3824 quod
400 3734 534 3822 simplici
562 3731 662 3803 πάλιν
698 3737 861 3824 aliquanto
895 3737 1009 3804 fortius
1038 3745 1099 3816 est,
1135 3735 1191 3800 cfr.

189 3845 374 3913 Callimach.
403 3847 669 3929 Anth.Pal.V1‚
693 3851 756 3914 146
784 3850 840 3914 καὶ
867 3845 982 3928 πάλιν,
1007 3848 1191 3926 Εἰλείθυια,

189 3960 394 4036 Λοκαινλδος
421 3961 502 4026 ἐλθὲ
523 3954 696 4042 καλούσης,
725 3970 758 4025 et
780 3981 862 4046 quae
890 3958 1008 4046 collegi
1030 3961 1063 4023 in
1085 3959 1191 4026 indice

188 4074 371 4157 graecitatis
394 4070 435 4136 ad
458 4070 608 4140 Cinncmi
629 4073 712 4139 Hist.
734 4096 766 4160 p.
780 4073 855 4137 242.
889 4071 925 4136 ln
948 4070 1013 4135 line
1036 4073 1192 4160 epigram-
