3028 4826
524 468 844 531 conrrcranna
1134 474 1186 529 aar
1279 437 1281 442 ’

184 624 350 708 ἠθένειον,
371 625 541 711 ἐργαλεῖον
555 625 809 709 διατετρημένοο
825 623 965 701 πολλαῖς
980 618 1124 707 τρύπαις,
1146 619 1183 688 δι’

185 727 225 802 οὗ
244 729 285 802 τὸ
310 730 412 824 ὑγρὸν
434 732 533 801 εἴωθε
556 729 738 817 (εἰώθασι)
764 734 941 822 διακρίνειν
961 733 1028 801 τῶν
1048 738 1187 823 παχυτέ-

184 870 265 932 ρων,
288 842 332 924 ὥς
353 868 437 937 φησι
459 841 674 932 Μενεκράτης
695 849 730 910 ἐν
746 838 873 930 ’Ἑρχων
895 841 928 911 ά.

269 972 398 1060 Ἡθμῷ
420 973 454 1038 δὲ
475 967 708 1061 προπάροιθεν
729 967 919 1063 ἀφαρπάζει
939 976 1016 1039 νέον
1037 975 1103 1038 αλεί

272 1080 392 1175 ἀφρόν.

184 1221 239 1287 Sic
262 1223 347 1286 enim
367 1232 454 1285 recte
477 1219 596 1285 editum
618 1222 654 1284 ir
672 1215 822 1303 Ἐρχωνᾷ
850 1223 988 1286 correxit
1008 1219 1188 1285 Valckena-
1252 1296 1254 1300 .

184 1337 249 1399 rius
286 1332 327 1398 ad
355 1331 475 1397 Herod.
506 1355 536 1419 p.
560 1333 635 1395 291.
687 1328 826 1395 Videtur
859 1333 958 1419 igitur
986 1331 1187 1397 Menecrates
1235 1395 1240 1406 ,

185 1467 260 1511 suos
284 1443 324 1509 de
346 1465 382 1509 re
404 1446 520 1508 rustica
542 1441 642 1506 libros
670 1440 710 1505 ad
732 1442 868 1509 Hesiodi
889 1445 1096 1507 imitationem
1111 1436 1187 1528 ’Ἐρ-

184 1578 251 1641 χων
283 1559 412 1621 nomine
448 1555 657 1640 inscripsisse.
713 1553 866 1619 Similiter
893 1557 1064 1620 Pancrates
1099 1553 1187 1640 qnod

185 1689 311 1733 carmen
334 1667 375 1733 de
389 1689 425 1731 re
439 1667 609 1752 piscatoria
625 1663 813 1730 condiderat
825 1668 985 1753 inscripsit
999 1659 1103 1752 Ἔργα
1116 1666 1187 1730 θα·

184 1774 316 1858 λάσσια,
337 1789 418 1844 teste
433 1778 600 1844 Athenaeo
612 1777 684 1856 VII,
707 1801 738 1863 p.
755 1779 821 1843 283
844 1803 873 1842 ο.
896 1803 923 1844 ο.
945 1780 1011 1844 305
1026 1803 1053 1844 c.
1075 1779 1185 1845 3210.

184 1893 352 1957 Praeterea
374 1893 409 1956 in
430 1891 622 1955 Menecratis
644 1910 740 1954 versu
761 1889 866 1955 malim
888 1885 1105 1981 ἀφαρπάζειν.

490 2193 651 2285 ,ιοοεοιοε
668 2209 727 2260 rar.
740 2210 793 2276 vr,
811 2206 873 2260 aaa.

228 2318 357 2399 Γάλλος
379 2319 398 2389 ὁ
417 2318 578 2408 χαιτάεις,
600 2318 619 2386 ὁ
641 2318 813 2406 νεήτομος,
837 2315 907 2386 ἀπὸ
934 2316 1092 2407 Ίνμώλον

271 2429 399 2511 Λύδιος
421 2427 584 2522 ὀρχηστάς
604 2428 703 2518 μάκρ’
725 2428 968 2518 ὀλολυζόμενος,

228 2545 272 2629 τᾷ
292 2539 385 2631 παρά
406 2543 593 2634 Σαχχαρλῳ
614 2540 694 2611 τάδε
715 2551 833 2634 ματέρι
854 2539 1010 2628 τύμπανα
1030 2545 1135 2609 ταῦτα

271 2651 421 2737 θήκατο,
446 2658 502 2722 καὶ
523 2651 644 2741 μάστιν
665 2651 728 2722 τάν
748 2652 1054 2745 πολοαστράχαλον,

227 2763 334 2834 ταῦτά
353 2765 383 2834 τ’
403 2762 599 2853 ὀρειχάλκου
615 2762 702 2833 λάλα
723 2763 891 2853 κύμβαλα,
917 2769 974 2834 καὶ
994 2762 1157 2854 μορόεντα

271 2875 471 2965 βόστρυχον,
494 2882 529 2942 ἐκ
550 2873 674 2956 λύσσας
695 2874 794 2969 ἀρτια
815 2875 1034 2968 παυσάμενος.

183 3018 290 3082 Primo
313 3036 409 3080 versu
430 3010 598 3102 legebatur
620 3011 639 3078 ὁ
661 3007 725 3102 πρὸ
746 3006 916 3100 Τυμάλονι
938 3024 970 3080 at
993 3036 1062 3079 curn
1085 3012 1187 3079 codex

182 3127 249 3193 Pal.
265 3126 382 3192 habeat
400 3119 628 3210 ωποτνμάλον,
651 3135 793 3212 apertum
808 3137 857 3192 est
873 3125 1073 3225 scribendum
1088 3125 1185 3191 fuisse

183 3233 254 3304 ἀπὸ
276 3233 441 3325 Τνμάλοο,
463 3246 498 3302 ut
521 3239 596 3302 citat
616 3237 654 3302 L.
669 3238 855 3304 Holstenius
878 3237 918 3304 ad
939 3239 1088 3325 Stephan.
1103 3239 1184 3325 Byr.

183 3374 212 3415 v.
248 3345 412 3435 Τύμωλος.
464 3350 568 3415 vna
598 3360 653 3415 aut
680 3347 758 3416 τάδε
787 3361 842 3416 ant
869 3351 974 3416 ταῦτα
1004 3358 1186 3437 corruptum

185 3471 241 3526 est.
275 3459 466 3547 suspicabar
487 3460 532 3545 τᾷ
552 3455 646 3551 παρά
661 3461 847 3548 Σαχχαρίῳ
861 3457 1062 3550 παμμάτορι.
1089 3463 1147 3526 Vs.
1164 3465 1185 3526 6

182 3572 353 3638 Jacobsius
377 3571 479 3636 edidit
501 3565 573 3660 ἀρτ’
595 3569 880 3660 ἀναπαυσάμενος.
924 3573 990 3640 Sed
1012 3567 1088 3662 ἀρτι
1110 3571 1185 3639 elidi
1263 3662 1265 3668 Ι

182 3704 251 3749 non
279 3693 395 3772 potest.
440 3683 551 3770 ltaque
579 3707 673 3771 quum
703 3685 774 3752 cod.
801 3681 918 3751 habeat
939 3681 1015 3773 άρτι
1035 3682 1185 3751 ἀναπαυ-

183 3790 338 3880 σάμενος,
361 3798 484 3861 correxi
505 3807 542 3862 ut
563 3818 659 3884 supra
680 3798 870 3886 adscriptum
891 3796 990 3863 vides

588 4002 786 4009 --—-———-—-—-
