3026 4816
427 441 687 504 annorfflo
710 439 895 501 cnlrlcn
1115 445 1166 502 127

160 594 235 666 ποτ’
262 591 317 686 ἄρ’
344 593 389 680 εἰς
411 597 501 674 τίνος
522 583 591 684 ἆρα
614 603 672 661 etc.
698 604 734 660 ut
755 593 841 682 apud
863 593 1058 682 Sophoclem
1080 594 1165 662 Oed.

163 712 202 775 T.
226 709 312 775 1493
335 707 386 785 τίς
408 697 505 784 οὗτος
526 708 634 788 loram
657 707 708 784 τίς
727 707 942 795 naperpapot,
963 710 1075 787 τέκνα,
1098 730 1166 773 τοι-

162 818 235 887 αῦτ’
254 818 364 900 ὀνείδη
387 813 584 905 λαμβάνων;
606 817 663 883 ubi
679 842 715 883 r.
734 817 928 884 Erfurdtum.
969 820 1028 884 Vs.
1050 821 1072 884 2
1094 818 1165 885 cod.

160 933 298 1020 τλῆμον.
342 929 433 996 Plan.
454 924 603 1016 τλήμον’,
626 929 714 1017 quod
735 932 853 1017 recepi.

249 1043 364 1108 LXVI.
409 1043 512 1108 Vct
541 1040 613 1106 cod.
648 1033 710 1122 τὴν
744 1034 833 1106 οὔπω
861 1043 953 1129 πρινὶ
986 1035 1048 1123 τὴν
1076 1038 1166 1109 ὁδόν.

163 1156 257 1242 Quae
272 1153 368 1244 quum
382 1151 562 1220 Brunclrius
577 1152 785 1218 audacissima
800 1155 985 1220 coniectura
1004 1163 1168 1220 attrectas-

163 1275 219 1345 set,
241 1264 414 1331 Jacobsius
437 1265 509 1331 cod.
532 1267 667 1354 vestigia
689 1286 837 1352 premens
852 1268 978 1352 scripsit
998 1258 1059 1346 τὴν
1076 1259 1167 1332 οὕτω

162 1379 241 1464 πρὶν
262 1373 336 1457 ἴτην
364 1373 460 1462 ὀδόν,
490 1375 617 1442 dualem
638 1397 700 1464 pro
722 1376 838 1464 plurali
860 1380 1000 1465 positum
1024 1397 1093 1442 esse
1116 1399 1167 1442 ex-

163 1491 314 1554 istimans.
351 1487 418 1554 Sed
438 1499 527 1555 recte
541 1489 693 1554 Lehrsius
714 1487 846 1554 verbale
868 1481 942 1570 ὶτὴν
955 1496 1074 1576 poetae
1094 1487 1167 1553 red-

164 1600 303 1666 dendum
333 1621 404 1666 esse
424 1599 506 1666 vidit
528 1599 662 1694 Quaest.
692 1621 742 1688 ep.
765 1601 794 1680 1,
816 1623 848 1688 p.
871 1602 924 1666 oo
968 1600 1027 1665 Vs.
1049 1602 1070 1664 6
1094 1599 1165 1664 cod.

162 1707 318 1799 νιόμενοι,
339 1714 556 1799 superscripto
579 1735 615 1777 ει.
660 1711 750 1778 Plan.
773 1706 986 1797 νοισσόμενοι,
1008 1710 1096 1799 quod
1117 1734 1167 1778 re-

164 1826 243 1888 ctius
262 1822 413 1888 scribitur
427 1819 624 1909 νισσόμενοο.
653 1824 732 1889 Νοο
746 1832 835 1888 recte
848 1824 978 1909 νείομαο
992 1833 1100 1890 tuetur
1112 1826 1167 1890 Ja-

164 1935 300 2015 cobsius,
322 1933 432 2023 glossa
446 1935 608 2021 Hesychii,
630 1936 818 2002 Ναίεσθαα
843 1930 1056 2020 πορεύεσθαι,
1077 1935 1167 2023 quod

164 2067 232 2111 non
253 2048 287 2111 in
308 2047 462 2112 νεέεσθαι
482 2047 682 2127 mutandum,
703 2045 762 2112 sed
784 2049 817 2111 in
839 2046 988 2112 νέεσθαι.

251 2158 381 2225 LXVII.
417 2160 476 2224 Vs.
499 2161 518 2223 1
547 2157 667 2224 nullam
689 2161 753 2223 vim
781 2158 834 2222 hic
858 2156 955 2222 habet
976 2153 1076 2237 αὐτοί,
1104 2179 1166 2245 pro

165 2291 229 2357 quo
252 2269 454 2337 scribendum
476 2264 572 2337 αὕτα.
609 2270 708 2356 Quod
729 2273 816 2336 enim
830 2268 999 2334 Jacobsius
1015 2269 1057 2335 ad
1070 2271 1165 2335 Anth.

164 2381 231 2449 Pal.
253 2407 285 2470 p.
310 2385 373 2449 186
396 2375 498 2459 αὐτὸς
518 2403 580 2469 pro
603 2372 700 2459 οὗτος
721 2384 800 2469 poni
823 2383 991 2462 existimat,
1020 2381 1052 2446 id
1075 2403 1166 2447 secus

165 2504 223 2559 est.
267 2495 320 2560 De
341 2494 507 2560 Leonidae
529 2492 605 2560 loco
620 2495 691 2573 vll,
715 2496 777 2560 731
801 2493 885 2558 infra
906 2491 971 2558 dixi
992 2492 1034 2558 ad
1057 2495 1165 2582 Epigr.

164 2607 337 2672 LXXVIII.
369 2606 407 2671 In
430 2607 541 2692 Erycii
564 2608 700 2671 carmine
713 2606 771 2684 VI,
792 2606 858 2671 255
880 2607 1055 2671 rectissime
1075 2593 1176 2671 Reis-¹

164 2719 237 2784 kius
265 2711 349 2795 αὔας
370 2721 498 2806 scripsit
518 2739 579 2806 pro
602 2714 714 2795 αὐτοῖς.
762 2717 912 2805 Denique
935 2719 1098 2804 Anonymi
1119 2715 1168 2781 lo-

166 2853 221 2896 cus
241 2831 297 2910 VI,
318 2831 384 2896 255
407 2850 474 2895 non
495 2832 596 2918 magis
618 2831 681 2895 huc
702 2831 842 2916 pertinet
864 2850 957 2916 quam
971 2829 1167 2917 Xenophon-

165 2945 205 3008 tis
228 2943 362 3008 Memor.
386 2943 445 3022 111,
468 2945 526 3022 lo,
549 2945 592 3008 14
614 2945 702 3025 (nou
724 2944 766 3025 4)
792 2941 845 3006 vel
868 2963 949 3029 quos
972 2964 1010 3007 ex
1030 2940 1167 3007 Platone

167 3057 346 3141 composuit
366 3053 535 3120 Heindorf.
564 3054 606 3120 ad
627 3054 752 3121 Platon.
775 3055 853 3141 Lys.
875 3078 908 3141 p.
931 3056 966 3133 5,
995 3053 1166 3140 inquibus

166 3160 248 3232 αὐτὸ
277 3167 445 3232 notissimo
474 3189 535 3233 usu
564 3168 740 3256 emphatice
774 3167 889 3232 dictum
920 3173 968 3230 est
995 3186 1057 3253 pro
1085 3158 1167 3231 αὐτὸ

166 3280 275 3344 τοῦτο.
335 3279 520 3365 Speciosius
546 3283 646 3346 utaris
675 3277 771 3345 titulo
799 3277 840 3342 ab
868 3276 1038 3343 Herodoto
1061 3279 1101 3356 V,
1123 3279 1165 3342 61

167 3400 294 3456 servato
316 3387 508 3476 Λαοδάμας
535 3387 663 3480 τρίποδ’
689 3382 793 3455 αὐτὸν
819 3383 965 3472 edendnm
984 3383 1169 3470 Ἀπόλλωνι

168 3503 395 3590 Μονναρχέων
428 3497 590 3582 ἀνέθηκε,
631 3501 688 3566 ubi
726 3511 832 3566 tamen
866 3501 1167 3591 schweighauserus

166 3623 253 3678 recte
276 3615 395 3701 opinor
410 3615 548 3679 coniecit
561 3609 668 3690 αὐτός.
702 3614 797 3678 veo
819 3612 909 3679 Plan.
931 3610 1092 3699 μοθεῦμ’,·
1115 3615 1167 3679 ἐπὶ

166 3725 258 3790 πᾶσι.
303 3725 404 3811 Quod
431 3729 484 3790 vix
513 3727 687 3791 correctori
713 3724 859 3801 debetur3
888 3748 1074 3812 quamquam
1103 3735 1169 3790 tro-

168 3836 275 3901 chaica
297 3840 332 3902 iu
354 3847 466 3924 quarto
489 3837 572 3924 pede
590 3859 728 3916 caesura,
751 3859 812 3922 qua
827 3840 955 3924 peiores
970 3847 1088 3923 poetae
1104 3839 1170 3924 epi

167 3953 394 4036 grammatarii‚
416 3959 453 4016 ut
472 3951 632 4016 Lucienus
646 3958 687 4031 et
707 3949 890 4036 DIogenes,
912 3951 1096 4036 saepissime
1118 3951 1167 4013 usi

167 4070 249 4140 sunt,
270 4083 312 4126 ne
335 4062 549 4151 elegantiores
571 4061 698 4150 quidem
714 4071 830 4146 poetae
846 4061 1074 4139 abstinuerunt,
1094 4081 1124 4124 e.
1140 4083 1166 4124 c.
