3026 4816
442 451 701 513 ΑΒΝΟΤΑΤΙΟ
726 451 911 512 coluros.
1128 456 1181 512 159

176 603 253 685 τοὺς
280 600 419 695 τρητοὺς
453 600 605 683 δόνακας.
656 605 794 673 Caetera
827 606 989 670 sanissima
1019 616 1093 670 suut
1120 628 1182 671 nec

177 723 291 784 tentari
307 718 507 784 'debuerunt
546 719 604 782 Vs.
619 721 641 784 3
664 721 712 784 ἔτι
732 720 845 804 scripsi
866 739 927 804 pro
943 719 992 782 ἐνί
1006 728 1180 805 praeeunte

176 833 249 897 viro
274 830 372 896 docto
396 828 482 917 apud
502 829 698 895 Jacobsium.

263 942 366 1007 XVII.
403 943 461 1007 Vs.
486 943 503 1005 1
527 940 697 1029 Λοκρίδος
724 944 769 1007 ἐν.
787 945 879 1026 νέμεϊ
899 941 1024 1028 σκιερῷ.
1068 939 1181 1005 Hesio-

178 1052 251 1118 dum
287 1053 385 1119 iuisse
415 1056 469 1140 qui
496 1054 571 1141 περὶ
598 1045 638 1117 τό
666 1045 836 1140 Λοκρικὸν
864 1056 1008 1137 Νέμειον
1042 1054 1180 1117 occisum

176 1163 285 1251 ibique
308 1164 466 1251 sepultum
494 1186 565 1230 esse
588 1163 731 1229 dicerent
755 1164 851 1229 tradit
874 1164 1022 1251 Thueyd.
1045 1165 1102 1243 111,
1126 1167 1179 1231 96.

176 1275 365 1342 Plutarchus
388 1274 494 1342 Couv.
510 1277 598 1363 Sept
620 1276 694 1363 Sap.
711 1271 749 1364 'p.
767 1278 829 1342 162
845 1275 876 1340 d.
901 1285 933 1340 et
948 1276 1092 1367 Scriptor
1112 1278 1180 1341 Vit.

175 1387 308 1454 Hesiod.
332 1391 401 1475 p.7
426 1386 476 1454 ed.
496 1387 597 1454 Gaisi.
637 1389 721 1452 Hinc
742 1389 911 1474 suspiceris
933 1386 1084 1453 Alcaeum
1105 1390 1181 1454 scri-

176 1502 279 1586 psisse
301 1499 471 1587 Λοκρίδος
492 1504 529 1565 ἐν
551 1502 681 1584 Νεμέης
702 1499 788 1586 ἱερρῖ.
833 1501 929 1565 Vsu
952 1497 1024 1564 cod.
1046 1493 1180 1584 κρηνιό-

178 1613 252 1677 ὃων.
297 1611 470 1676 Jacobsius
498 1612 663 1696 κρηυαιῶυ
691 1633 709 1675 a
731 1612 887 1696 concula,
916 1610 1004 1697 quod
1027 1633 1085 1676 eur
1106 1632 1181 1697 pro-

176 1723 247 1787 bari
274 1743 342 1787 non
363 1725 467 1810 possit
492 1721 623 1788 docebit
644 1722 787 1788 Lobeck.
809 1722 912 1788 Paral.
942 1747 973 1810 p.
995 1725 1071 1788 313.
1115 1725 1181 1786 Ve-

177 1857 245 1900 rum
268 1833 391 1900 viderat
411 1837 473 1899 iam
494 1833 735 1900 Wakefieldus.

264 1948 332 2010 XX.
365 1948 461 2010 Vsu
486 1946 612 2011 exhibui
626 1945 697 2011 cod.
713 1948 911 2032 scripturam.
943 1944 1033 2010 Plan.
1052 1940 1180 2011 Ἀσπα-

178 2059 239 2142 σίῳ
267 2052 384 2143 πικρόν
412 2054 515 2136 ἔτευξε
542 2052 663 2145 μόρον,
691 2058 758 2123 scil.
788 2051 889 2134 ιιλόος
910 2052 961 2121 ἐπ’
983 2052 1179 2145 Ἀρκτοόρῳ.

177 2169 215 2235 Id
236 2179 388 2268 sequutus
412 2178 461 2233 est
474 2168 664 2234 Brunokius.
701 2169 874 2234 Jacobsius
889 2167 1035 2232 tentabat
1052 2163 1179 2234 Ἀσιιό-

178 2301 250 2358 οιος
276 2275 394 2366 ιιικρόν
421 2282 536 2346 ἔλουσα
564 2275 679 2367 μόρον.
729 2281 765 2346 Si
793 2302 870 2346 sana
898 2290 948 2345 est
975 2278 1046 2345 cod.
1072 2279 1180 2358 lectio,

178 2391 219 2458 de
244 2413 309 2479 quo
331 2397 384 2458 vix
405 2392 535 2472 dubito,
562 2402 677 2458 notatu
699 2392 829 2480 dignum
852 2401 902 2457 est
923 2385 1044 2476 κείρειν
1064 2414 1096 2455 τι
1117 2413 1179 2478 pro

177 2500 347 2590 τυγχάνειν
368 2500 465 2581 τινός.
498 2507 594 2570 Ver
618 2502 689 2568 cod.
704 2497 907 2591 ῥαινόμενος.
946 2501 1096 2568 Correxit
1109 2502 1180 2568 Pla·
1308 2559 1312 2573 ,

177 2614 289 2682 nudes.
334 2616 516 2682 Bruuckius
542 2611 729 2704 ῥαιόμευου.

264 2728 378 2794 ΧΧΙΗ.
422 2729 495 2794 Ηοο
521 2749 647 2793 carmen
667 2726 789 2793 Alcaeo
811 2725 1011 2814 Mitylenaeo
1039 2729 1180 2816 assignat

176 2837 259 2918 Pal„
282 2838 410 2926 Alpheo
433 2838 635 2926 Mitylenaeo
657 2839 827 2906 Plauudes.

502 3154 852 3215 musculum.

265 3284 288 3349 1.
332 3285 435 3351 vsa
463 3285 631 3376 legebatur
657 3289 691 3353 Γ
687 3282 871 3373 ανυμήδου,
900 3284 988 3371 quod
1016 3276 1179 3377 corrigere

177 3417 245 3462 uon
275 3396 433 3477 dubitavi,
462 3419 649 3488 quamquam
677 3401 745 3466 scio
773 3401 807 3463 in
835 3397 936 3464 titulis
965 3419 984 3461 a
1011 3399 1177 3465 Boeckhio

179 3508 272 3574 editis
300 3509 556 3595 frequentissime
583 3510 649 3600 legi
678 3505 863 3601 Διοφόνου,
892 3512 1062 3596 Διογένου,
1090 3507 1179 3577 'Eut-

177 3615 313 3708 κρότου,
334 3617 499 3706 Εὐμένου,
521 3618 722 3709 Σωκράτου,
746 3633 779 3688 et
800 3623 863 3688 alia
886 3622 1028 3689 eiusdem
1051 3627 1178 3712 generis

176 3731 321 3819 plurima.

265 3844 320 3909 111.
357 3846 452 3910 Vsl
477 3856 510 3911 et
531 3847 552 3912 2
581 3835 628 3912 ὧν
655 3866 710 3912 σοι
736 3841 849 3934 θυμός
877 3843 1080 3934 ὀνειροπολεῖ
1107 3849 1127 3912 i.
1151 3869 1177 3914 e.

178 3943 224 4019 ὧν
245 3957 426 4041 ἐπιθυμεῖς.
466 3958 514 4022 lta
538 3960 661 4024 correxi
682 3957 753 4024 cod.
768 3958 836 4025 Pal.
858 3957 1029 4025 lectionem
1051 3953 1096 4026 όν
1117 3979 1178 4040 σοι,

177 4087 239 4152 pro
259 4087 321 4153 quo
338 4066 509 4134 Salmasius
524 4062 544 4134 ό
558 4093 591 4136 τι
605 4090 668 4150 σοι,
692 4072 838 4157 Toupius
854 4065 918 4136 ὅσοι
933 4091 995 4150 σοι,
1008 4068 1178 4160 Jacobsius
1272 4051 1273 4054 Ἴ
