3026 4816
337 450 374 505 96
606 444 868 505 ADNO'I'A'IIO
890 439 1076 506 GRITIGA.

426 597 499 665 vn.
528 598 586 664 Vs.
599 599 622 664 2
636 594 700 684 ἁμὲ
713 597 903 665 Βνοοοῖιῖιιε.
932 593 996 683 ἅμε
1006 597 1073 664 Pal.
1102 593 1191 685 ἅμμε
1203 598 1340 667 Valcke

337 713 454 777 narius.
491 711 549 775 Vs.
569 711 592 776 3
613 705 752 795 τιοτᾳίκει
772 710 879 776 Bentl.
918 705 1002 798 πρὸς
1022 703 1108 776 ὠίκει
1128 711 1196 776 Pal.
1237 714 1340 778 Vni

337 824 417 915 πέλῃ
439 822 628 888 Schaeferus
653 842 714 908 pro
736 823 839 888 πέλοι.
1303 814 1307 822 ’

425 934 513 1000 VIII.
555 934 657 998 Vsl
686 932 759 998 cod.
787 929 885 998 εἴδετε
912 937 983 1019 μέν.
1032 933 1213 1000 Bnrnckius
1248 931 1336 1001 εἴδετ’

338 1040 466 1112 ὀπωπαί.
516 1045 688 1110 Jacobsius
721 1041 841 1110 εἴδεται
870 1037 978 1131 ὄμμα,
1010 1038 1122 1128 γνωτοὶ
1156 1054 1277 1110 mutato
1305 1048 1340 1135 in

337 1152 472 1242 γνωτόν.
506 1157 627 1243 Scripsi
649 1153 736 1241 quod
758 1154 1020 1243 simplicissimum
1036 1165 1085 1221 est
1099 1153 1218 1222 εἴδεται
1231 1158 1340 1243 ἴμμεν,

338 1278 371 1334 ct
397 1291 444 1334 vs.
466 1271 488 1334 2
517 1267 625 1334 deleto
652 1276 776 1353 puncto
804 1270 838 1332 in
859 1265 925 1332 fine
947 1269 1041 1354 pn'mi
1061 1287 1187 1348 versus,
1213 1263 1269 1333 ἅδ’
1295 1274 1340 1334 εί-

337 1372 403 1446 κῶν
429 1380 550 1471 μορφᾷ
575 1381 633 1446 καὶ
659 1373 947 1467 μεμαλοφροούνα.
999 1377 1111 1467 Vulgo
1140 1376 1164 1444 οἱ
1191 1377 1221 1446 δ’
1248 1375 1341 1446 είκών

337 1491 457 1580 μορφᾷ
477 1492 534 1557 καὶ
554 1485 862 1579 μεμαλοφροοιίναν.
906 1492 970 1556 Pro
993 1490 1135 1570 τηνῶθε,
1158 1511 1222 1577 quo
1246 1494 1340 1557 etiam

339 1602 477 1667 Theocr.
493 1602 606 1681 111‚1⁰
627 1622 703 1666 usus
727 1611 784 1680 est,
805 1601 940 1668 fortasse
957 1610 1100 1689 praestat
1120 1601 1261 1668 scribere
1281 1626 1341 1683 τη-

338 1713 440 1778 aare.
478 1712 650 1778 Grammat.
670 1714 804 1790 Barncc
828 1712 914 1800 apud
935 1712 1038 1779 Bckk.
1060 1713 1181 1779 Anecd.
1203 1738 1234 1801 p.
1256 1716 1340 1780 1425

338 1817 377 1890 τὸ
403 1818 557 1904 τήλωθεν
578 1824 773 1907 (τηλῶθεν)
802 1817 858 1889 διὰ
886 1824 946 1890 τοῦ
967 1831 994 1889 ὦ
1018 1826 1147 1916 γραφὲν
1167 1824 1342 1905 ποιητικῶς

338 1938 514 2000 ἐκτέταται.
551 1934 751 2023 Quamquam
772 1934 854 2000 illud
875 1937 910 2000 in
932 1935 1069 2001 cundem
1089 1957 1218 2001 sensum
1239 1937 1341 2022 accipi

337 2054 455 2133 potest.
499 2046 557 2112 Vs.
578 2048 602 2113 3
628 2070 699 2113 cnm
720 2046 854 2113 Reiskio
883 2050 994 2135 scripsi
1022 2041 1062 2113 τὸ
1083 2047 1119 2113 δὲ
1146 2068 1208 2133 pro
1234 2041 1273 2113 τό
1295 2069 1340 2114 τε.

338 2155 420 2221 Ibid.
455 2151 581 2223 αὐτόθι
610 2167 660 2224 est
687 2169 743 2224 ant
775 2161 809 2224 si
842 2161 1012 2246 propius
1047 2158 1096 2224 ad
1129 2161 1341 2247 imaginem

339 2289 568 2349 accessero,
597 2279 653 2335 aut
683 2291 813 2335 coram
835 2273 855 2335 i.
879 2292 908 2336 e.
931 2273 959 2335 si
981 2273 1015 2335 in
1038 2279 1244 2358 conspectum
1266 2275 1341 2336 ami·

339 2401 396 2445 cae
416 2402 546 2446 venero.
591 2383 685 2448 Vsi
709 2379 792 2468 ὁρῆν
812 2403 873 2469 pro
897 2379 982 2468 ὁρᾶν
1002 2381 1192 2447 Brunckins.
1364 2434 1366 2437 ,

426 2492 479 2557 ΙΧ.
517 2493 574 2557 Vs.
595 2496 612 2558 l
636 2493 708 2558 cod.
736 2489 838 2578 (καῦμ’
857 2490 985 2578 ἀρετᾶς.
1023 2491 1166 2582 Scaliger
1191 2492 1341 2581 Θνμαρέ-

338 2625 407 2683 τας,
428 2625 522 2689 quem
536 2607 663 2692 sequuti
677 2614 752 2670 sunt
765 2604 904 2669 Brunck.
920 2614 954 2669 et
967 2603 1148 2669 Jacobsius.
1175 2607 1342 2670 Revocavi

339 2713 411 2781 cod.
443 2715 613 2781 lectionem
646 2716 878 2805 Θανμαρέτας,
913 2718 1002 2781 cuius
1030 2718 1169 2781 nominis
1199 2715 1342 2802 exempla

338 2824 413 2890 vide
434 2827 521 2914 apud
544 2827 585 2894 G.
608 2827 758 2893 Dindorf.
804 2828 899 2894 Thes.
922 2827 1033 2914 Steph.
1055 2849 1085 2891 v.
1113 2827 1318 2915 Θανμαρέτη.

288 2927 294 2939 ’
426 2939 465 3002 Χ.
510 2939 588 3003 Νοο
615 2937 698 3004 male
719 2938 891 3003 Jacobsius
913 2961 960 3004 vs.
984 2941 1002 3002 l
1030 2939 1168 3004 coniecit
1188 2931 1341 3015 Ξάνθος.

338 3047 479 3113 Videtur
500 3057 606 3115 tamen
628 3051 704 3116 feni
725 3071 822 3138 posse
845 3049 931 3115 edita
952 3050 1064 3130 lectio,
1090 3053 1118 3115 si
1139 3053 1343 3140 μραφαμίνα

339 3162 568 3248 interpreteris,
594 3182 757 3248 quaese
780 3164 896 3250 pingi
917 3164 1097 3228 iusserit.

426 3272 479 3336 XI.
513 3273 571 3338 Vs.
587 3275 608 3339 3
632 3283 665 3339 et
687 3275 708 3338 4
730 3272 803 3338 cod.
818 3271 885 3337 Pal.
906 3275 990 3362 φίλα
1004 3296 1101 3354 τηναι
1114 3296 1149 3338 τε
1162 3271 1342 3355 Λοκρίσοα

339 3386 457 3450 τίκτειν
478 3381 566 3461 ἴσαις
588 3381 618 3449 δ’
634 3380 684 3450 ὅτι
705 3407 772 3469 μοι.
805 3383 987 3451 Brunckius
1009 3384 1093 3476 φίλα
1106 3379 1195 3468 τήνφ
1216 3406 1251 3448 τε
1265 3384 1343 3448 Λο-

338 3497 409 3586 κρὶς
430 3497 476 3581 μᾶ
495 3498 603 3561 τίκτεν
623 3491 711 3572 ἴσαις
732 3490 784 3561 ὅτι
806 3492 840 3559 θ’
866 3499 908 3563 οί.
952 3498 990 3562 In
1012 3496 1127 3582 quibus
1148 3495 1277 3581 Λοκρὶς
1297 3495 1343 3578 μᾶ

338 3610 534 3673 verissimum
559 3616 619 3687 est,
648 3629 720 3672 cum
742 3606 877 3672 alterum
898 3603 1075 3694 Λόκρισσα
1103 3627 1144 3671 ne
1165 3615 1252 3670 recte
1276 3607 1344 3692 qui-

339 3718 411 3784 dem
440 3719 609 3784 formatum
636 3721 685 3782 sit.
743 3717 813 3785 Cir.
842 3717 984 3784 Lobeck.
1015 3718 1057 3784 ad
1084 3720 1266 3784 Buttmann.
1292 3719 1344 3797 lI,

339 3853 370 3918 p.
388 3832 467 3897 2127.
519 3829 640 3917 Scripsi
662 3832 759 3918 igitur
780 3833 832 3895 vix
854 3831 959 3895 littera
980 3839 1113 3895 mutata:
1144 3829 1228 3918 φίλα
1250 3824 1274 3893 τ’
1300 3817 1344 3908 ἦν
1368 3819 1371 3822 ’

340 3937 363 4007 δι’
385 3965 420 4008 τε
440 3943 570 4029 Λοκρὶς
590 3942 636 4026 γᾶ
656 3943 742 4007 τίκτε
764 3938 807 4027 μ’.
859 3942 897 4006 In
922 3941 1128 4028 sequentibus
1151 3944 1271 4027 optima
1293 3949 1344 4004 est

340 4053 413 4121 cod.
442 4056 594 4142 scriptura
623 4051 710 4131 ἴσαις
738 4050 767 4119 δ’
795 4048 846 4119 ὅτι
872 4075 930 4139 μοι
959 4047 1106 4139 τοῦνομα
1127 4054 1256 4128 Νοσσίς
1278 4052 1343 4128 ἴθι,
1478 4123 1480 4126 ,

1243 4159 1342 4226 modo
