3016 4808
430 453 622 504 ΛΕΩΝΙΔΑ
644 454 917 504 TAI’AII‘I'INOI
1139 455 1175 507 27

172 603 283 693 δῶρον
301 599 478 688 Ἀθαναίηι
498 602 645 670 πανίτιδι
664 597 742 686 τῷδ’
769 602 817 668 ἐνὶ
837 601 909 686 ναῷ

217 714 334 796 θῆκαν
351 710 543 791 Ἀθαναίας
563 707 773 799 ποιησάμεναι
793 707 958 798 καμάτων.

654 861 692 925 X.
797 921 804 927 .

169 969 209 1036 Ὁ
231 966 364 1052 σκήπων
383 971 441 1036 καὶ
460 970 568 1036 ταῦτα
588 966 632 1036 τά
652 965 808 1056 βλαάτιοι,
830 964 951 1036 πότνια
972 967 1091 1057 Κύπρι,

220 1075 367 1166 ἄγκειται
387 1081 519 1147 κυνικοῦ
541 1079 628 1148 σκῦλ’
656 1076 722 1149 ἀπὸ
743 1075 934 1168 Σωχάρεος,

173 1190 261 1274 ὄλπη
282 1217 317 1259 τε
339 1188 508 1278 ῥυπόεσσα
528 1188 746 1280 πολυτρήτοιό
768 1215 802 1258 τε
823 1187 933 1279 πήρας

218 1306 394 1396 λείψανον,
416 1301 556 1392 ἀρχαίης
577 1298 794 1390 πληθάμονον
816 1306 952 1392 σοφίης

173 1418 230 1484 σοὶ
252 1417 287 1483 δὲ
305 1411 427 1482 Ῥόδων
449 1413 468 1479 ὀ
490 1408 606 1493 καλός,
631 1407 691 1480 τὸν
712 1409 890 1504 πάνσοφον
911 1411 1009 1494 ἡνίκα
1031 1414 1176 1503 πρέσβυν
1275 1427 1278 1436 ’

217 1520 388 1617 ἤγρονσον,
410 1533 560 1603 στοπτοῖς
581 1521 699 1606 θήκαά
725 1527 778 1592 ἐπὶ
799 1518 994 1614 προθύροις.

646 1684 700 1748 XI.

174 1803 298 1895 Πήρην
318 1804 508 1892 κάδίηιητον
529 1803 839 1892 ἀπεσκληρυμμίνον
860 1800 954 1891 αίγός

219 1922 375 2008 στέρφος,
397 1919 453 1983 καὶ
473 1913 620 2005 βάκτρον
640 1916 739 1984 τοῦτο
760 1911 800 1983 τὸ
821 1912 1047 2006 ’λοιπόρινοη

126 2032 128 2036 ’
173 2023 308 2095 κάλπαν
330 2026 563 2114 ἀστλέγγιστον
584 2025 776 2116 ἀχάλκωτόν
796 2052 831 2095 το
852 2029 1019 2114 κυνοῦχον,
1123 2077 1126 2082 -

218 2142 275 2206 καὶ
296 2142 395 2208 πῖλον
416 2141 564 2232 κεφαλάς
586 2137 646 2226 οὐχ
668 2137 764 2218 ὁσίας
785 2144 964 2206 σκίπανον·

153 2255 280 2320 ,ταῦτα
300 2254 568 2343 καταφθιμένοιο
590 2253 776 2341 μυρικίνιον
796 2255 872 2342 περὶ
892 2246 1030 2337 θάμνον

219 2362 304 2432 σκῦλ’
330 2360 397 2431 ἀπὸ
419 2359 602 2452 Σωχάρεος
623 2356 736 2449 Λιμὸς
757 2359 987 2453 ἀνεκρέμασεν.

640 2521 710 2587 XII.

171 2643 345 2736 Ἀστεμφῆ
365 2641 538 2733 ποδάγρην
559 2646 615 2710 καὶ
637 2638 800 2720 δοάνακας
822 2640 1034 2731 ἀντυκτῆρας,

218 2759 276 2824 καὶ
297 2758 373 2822 λίνα
394 2759 451 2822 καὶ
472 2752 573 2846 γυράν
595 2757 692 2821 τοῦτο
715 2750 938 2841 λαγωοβόλον,

173 2864 309 2949 ἰοδόκην
329 2869 385 2934 καὶ
406 2868 526 2934 τοῦτον
548 2863 593 2933 ἐπ’
619 2859 732 2955 ὄρτυγι
752 2869 979 2957 τιτρανθίντα

219 2974 321 3047 αὐλὸν
342 2981 397 3046 καὶ
419 2980 556 3046 πλωτῶν
578 2975 724 3056 ιίιπλικὲς
745 2974 937 3070 ἀμφιβόλου

170 3087 301 3183 Ἑρμείῃ
321 3087 521 3170 Σώσιππος,
547 3091 617 3156 ἐπεὶ
637 3087 844 3176 παρενήξατο
867 3086 906 3156 τὸ
928 3092 1028 3158 πλοῦν
1141 3087 1144 3094 ’

219 3197 318 3286 ἥβης,
340 3208 376 3288 ἐκ
397 3198 505 3292 γήρως
526 3183 557 3267 δ’
583 3199 724 3293 ἀδρανίῃ
746 3203 881 3268 δίδοται

632 3349 716 3413 XIII.

175 3461 337 3547 Λαθρίη,
359 3466 394 3526 ἐκ
414 3456 542 3542 πλάνης
563 3455 687 3541 ταύτην
704 3456 805 3548 χάριν
826 3461 860 3526 In
882 3483 916 3526 τε
937 3464 1095 3527 πενίστειο

219 3567 280 3651 κήξ
302 3567 514 3656 ὀλιγησιπάου
540 3571 614 3654 δέξο
636 3573 821 3651 Λεωνίδεω,

246 3815 323 3876 VM
341 3817 471 3875 Πανάτιδι
489 3849 523 3860 -
541 3817 575 3874 Χ.
594 3816 649 3874 Pal.
665 3815 781 3886 V1‚293.
799 3815 878 3875 Vs.2
896 3818 977 3874 σκῦλα
993 3821 1177 3894 Ποσοιχάρεος,

178 3936 210 3946 -
229 3902 276 3960 XI.
295 3902 351 3961 Pal.
364 3901 411 3972 VI,
423 3906 484 3960 298.
503 3901 582 3960 Vs.6
599 3909 679 3962 σκῦλα
696 3905 874 3981 Ποσοιχάρεος
891 3908 979 3976 Λίμος
991 3934 1026 3945 -
1044 3904 1104 3962 XII.
1122 3902 1177 3960 Pal.

176 3988 225 4059 Ἦ,
236 3993 297 4050 296.
315 3989 363 4048 Vs.
378 3994 393 4045 l
410 3987 474 4047 δοκι.
493 3988 659 4066 ἀνθτκοῐηρας
670 4019 705 4031 -
723 3989 795 4047 XIII.
813 3989 869 4046 Pal.
882 3986 928 4057 Vl,
940 3992 1001 4048 300.
1020 3989 1067 4050 Vs.
1081 3993 1096 4045 l
1116 3991 1177 4046 fort.

178 4081 301 4151 Λαφρίη,
318 4085 344 4132 ἐκ
363 4084 472 4150 σπαιίης
491 4094 550 4131 cum
569 4075 679 4133 Reiino
698 4086 725 4132 et
743 4075 857 4153 Toupio.
