3026 4816
451 423 712 529 sonorsmo
730 468 918 529 cnrrrcs.
1136 477 1189 532 ns
1292 437 1294 443 ’

186 621 316 689 Milesio
347 643 388 694 an
416 621 605 689 Atheniensi
637 645 678 688 an
706 622 858 710 denique,
892 643 974 710 quse
1002 622 1188 690 Schneideri

184 737 342 801 sententia
365 734 433 814 fuit,
456 733 689 822 Adramytteno
706 734 897 825 assignanda
919 737 992 800 sint.
1026 736 1109 801 Nam
1125 736 1200 824 dn-=

184 844 404 934 dramyttenus
427 848 522 911 etiam
543 846 706 913 Diotimus
726 855 934 926 memoratur,
961 846 1052 935 Arati
1074 868 1188 935 aequa-

183 959 231 1038 lis,
254 959 407 1045 Stephon.
430 959 511 1046 Byr.
534 981 564 1022 v.
581 954 743 1046 Γάργαρον
766 967 799 1024 et
820 957 964 1023 Macrob.
988 958 1053 1025 Sat.
1069 961 1111 1039 V,
1133 961 1186 1025 20.

183 1069 267 1136 idem
303 1071 439 1137 fortasse
468 1072 556 1136 cuius
584 1069 770 1135 Heracleam
801 1073 962 1150 novimus,
997 1093 1027 1134 r.
1055 1071 1186 1136 Jacobs.

184 1181 289 1248 Catal.
312 1193 400 1270 poet.
423 1181 520 1247 Anth.
543 1204 575 1268 p.
591 1183 657 1248 888
679 1191 712 1247 et
733 1182 794 1246 Th.
808 1181 927 1270 Bergk.
943 1180 1122 1248 Comment.
1146 1181 1187 1247 de

182 1294 257 1359 Ant.
281 1293 374 1360 Com.
397 1317 429 1381 p.
445 1295 498 1360 24.
535 1292 665 1360 Interim
686 1292 841 1381 sdespota
861 1293 941 1360 haec
962 1297 1187 1384 epigrammata

183 1427 202 1470 a
237 1405 504 1493 praecedentibus
540 1407 700 1492 separavi,
735 1403 899 1472 anskio
934 1408 991 1471 uni
1020 1405 1186 1493 eidemque

181 1516 327 1582 Diotimo
350 1520 458 1582 omnia
479 1519 672 1606 assignante.
913 1523 916 1530 '

270 1627 294 1692 1.
332 1629 391 1694 Vs.
416 1631 445 1694 l.
473 1622 623 1706 Παλλάς,
645 1623 838 1706 Παλλάδος,
860 1649 928 1694 non
949 1628 1185 1708 virornm‚.sed
1256 1639 1258 1644 ’

182 1738 348 1805 mulierum
376 1760 495 1805 nomen
525 1750 582 1805 est.
626 1737 712 1804 Vide
733 1739 946 1806 Welekerum
969 1741 1049 1828 Syll.
1073 1742 1184 1830 Epigr.
1215 1783 1220 1792 ι

182 1873 215 1937 p.
233 1853 297 1916 166
321 1861 353 1917 et
371 1850 410 1917 C.
427 1851 567 1917 Keilium
581 1852 708 1937 specim.
725 1849 875 1916 Onomet.
899 1875 931 1939 p.
946 1855 999 1919 22.
1034 1854 1185 1919 Fortasse

183 1963 283 2050 igitur
304 1960 472 2041 Πόλλιδος
493 1957 674 2051 legendum,
695 1972 731 2027 ut
751 1961 856 2028 voluit
877 1962 1026 2029 Reiskius
1041 1963 1086 2046 *).
1120 1964 1186 2030 Sed

182 2083 325 2160 praestat
351 2077 470 2161 opinor
497 2069 547 2140 ἐπ’
570 2068 790 2153 ’Λοολλοίδος,
819 2077 909 2141 cuius
933 2078 1072 2141 nominis
1092 2075 1185 2164 plura

183 2194 290 2251 extant
318 2186 470 2273 exempla.
521 2184 672 2250 Eiusdem
701 2188 829 2273 generis
858 2196 907 2252 est
929 2182 1066 2268 Μηνολς,
1095 2183 1185 2266 ridor,

186 2291 351 2376 Φιλωνοίς,
380 2293 476 2377 ἅδος,
503 2291 672 2376 Λεοντάς,
700 2292 789 2374 οἱδος.
841 2300 884 2364 V.
913 2298 1056 2364 Boeckh.
1085 2298 1184 2386 Corp.

182 2407 280 2472 lusor.
308 2407 373 2474 vol.
396 2409 441 2489 11,
462 2432 495 2496 p.
517 2411 581 2476 7⁰5
611 2419 643 2474 et
672 2410 746 2475 748.
789 2411 849 2474 Vs.
871 2412 893 2477 3
924 2408 995 2476 cod.
1018 2407 1185 2495 αὐτῷκαὶ

180 2522 274 2611 γενεῇ
295 2513 334 2585 τὸ
355 2516 432 2609 πόρ’
453 2518 598 2608 εὐμαρές.
635 2521 806 2586 Jacobsius
828 2517 919 2606 αὐτῷ
939 2524 996 2589 καὶ
1016 2525 1123 2614 γενεῇ·
1145 2519 1184 2589 τό

182 2650 237 2697 σοι
258 2629 405 2719 εὐμαρές.
451 2629 659 2698 scribendum
682 2641 751 2697 erat
773 2627 865 2716 αὐτῷ
884 2632 942 2698 κοιλ
962 2635 1062 2726 γενεῇ,
1083 2629 1183 2723 τόπερ

181 2739 327 2831 εὐμαρές,
348 2743 402 2809 vel
423 2737 462 2809 τὸ
484 2737 549 2832 γὰρ
572 2739 717 2832 εὐμαρές.
761 2746 820 2810 Vs.
839 2746 860 2810 5
888 2744 1061 2810 Jacobsius
1082 2755 1185 2811 tentat

179 2851 270 2921 τοῦτ’
290 2851 357 2921 ἄνα
378 2857 436 2922 καὶ
458 2856 643 2944 Χαρίτεσσι
664 2859 684 2922 i.
708 2877 735 2922 e.
759 2850 826 2922 ἀνολ
846 2857 944 2923 τοῦτο
967 2850 1079 2934 ἄλσος.
1117 2859 1183 2922 Ve-

183 2986 256 3032 reor
282 2987 325 3031 ne
354 2969 465 3032 vitium
492 2965 558 3032 loci
587 2969 621 3032 in
649 2963 809 3046 θεούοαις
829 2967 941 3048 lateat,
971 2967 1060 3054 quod
1089 2972 1183 3034 etiam

180 3099 241 3164 per
262 3099 297 3143 se
319 3101 431 3165 parum
453 3078 571 3144 decore
594 3078 635 3144 de
651 3078 770 3145 Gratiis
793 3078 917 3160 dicitur,
940 3080 1035 3146 etad
1057 3091 1184 3147 senten-

180 3191 256 3254 tiam
278 3189 474 3277 superfluum
497 3199 554 3255 est.
599 3191 808 3257 scribendum
830 3191 968 3257 videtur:

224 3294 326 3378 ἄλσος
348 3297 391 3380 δ’,
406 3294 551 3389 Ἄρτεμι,
573 3298 802 3371 sortesorte
824 3305 1008 3389 Χαρίτεσσι
1022 3306 1164 3383 &rondes

107 3396 110 3403 ¹
199 3398 201 3403 Ι
267 3409 316 3492 εἴη
339 3410 387 3477 ἐπ’
414 3409 607 3499 ἀνθεμίδων
628 3409 787 3500 σάμβαλα
808 3415 920 3506 κοῦφα
940 3415 1064 3500 βαλεῖν.

8 3561 41 3638 s'
183 3521 320 3599 Θεοοδὲς
355 3523 397 3589 de
424 3523 569 3591 locorum
598 3529 766 3592 sanctitate
793 3536 881 3592 reste
916 3526 979 3593 dici
1008 3527 1182 3595 ostendunt

180 3633 321 3721 exempla
343 3635 429 3724 apud
450 3637 677 3704 Buttmanuum
699 3639 800 3705 Lexil.
821 3640 852 3720 1,
873 3664 905 3728 p.
930 3643 1003 3708 172.

266 3746 306 3811 11.
344 3749 401 3814 Vs.
424 3753 442 3814 l
469 3745 625 3840 Ὀμφάλη
647 3745 670 3831 ἥ
694 3774 773 3817 ποτε
795 3752 954 3819 Reiskius.
1000 3751 1084 3819 Cod.
1103 3750 1182 3839 ’ομ-

179 3859 284 3946 φαλλη
306 3863 397 3926 ποτὲ.
435 3859 544 3926 Μίοιιε
565 3872 652 3928 reete
675 3862 816 3930 distinxit
831 3865 1001 3930 Jacobsius
1023 3859 1083 3931 τὸν
1103 3862 1180 3953 ’θμ-

247 4050 281 4119 *)
310 4049 364 4108 Pro
382 4049 491 4120 Polis,
514 4050 588 4128 quod
605 4054 728 4111 statuarii
751 4009 848 4111 nomeu
866 4065 909 4111 est
925 4053 997 4134 apud
1014 4053 1130 4113 Plinium
1147 4056 1179 4114 H.

176 4131 209 4190 N.
229 4135 356 4208 XXXIV,
374 4139 401 4207 8,
420 4137 463 4206 19,
481 4136 654 4196 scribendum
671 4137 779 4197 Pollis
797 4140 815 4196 i.
835 4161 858 4197 e.
876 4140 979 4203 Πόλλις.
