<?xml version="1.0" encoding="UTF-8"?>
<!DOCTYPE html PUBLIC "-//W3C//DTD XHTML 1.0 Transitional//EN"
    "http://www.w3.org/TR/xhtml1/DTD/xhtml1-transitional.dtd">
<html xmlns="http://www.w3.org/1999/xhtml" xml:lang="en" lang="en">
 <head>
  <title>
</title>
<meta http-equiv="Content-Type" content="text/html;charset=utf-8" />
  <meta name='ocr-system' content='tesseract 3.04.00' />
  <meta name='ocr-capabilities' content='ocr_page ocr_carea ocr_par ocr_line ocrx_word'/>
</head>
<body>
  <div class='ocr_page' id='page_1' title='image "./delectuspoetaru00meingoog_0057.png"; bbox 0 0 3016 4808; ppageno 0'>
   <div class='ocr_carea' id='block_1_1' title="bbox 349 460 1096 516">
    <p class='ocr_par' dir='ltr' id='par_1_1' title="bbox 349 460 1096 516">
     <span class='ocr_line' id='line_1_1' title="bbox 349 460 1096 516; baseline 0 -1"><span class='ocrx_word' id='word_1_1' title='bbox 349 460 386 516; x_wconf 80' lang='grc'><strong><em>44</em></strong></span> <span class='ocrx_word' id='word_1_2' title='bbox 608 463 798 515; x_wconf 68' lang='lat' dir='ltr'><strong>Annum</strong></span> <span class='ocrx_word' id='word_1_3' title='bbox 823 466 1096 516; x_wconf 74' lang='lat' dir='ltr'>TAPANTINOY</span> 
     </span>
    </p>
   </div>
   <div class='ocr_carea' id='block_1_2' title="bbox 349 604 1176 812">
    <p class='ocr_par' dir='ltr' id='par_1_2' title="bbox 349 604 1176 812">
     <span class='ocr_line' id='line_1_2' title="bbox 349 604 1176 703; baseline 0.002 -27"><span class='ocrx_word' id='word_1_4' title='bbox 349 604 539 696; x_wconf 80' lang='grc' dir='ltr'><em>κηδεμόνων</em></span> <span class='ocrx_word' id='word_1_5' title='bbox 560 615 596 677; x_wconf 83' lang='grc' dir='ltr'><strong><em>έν</em></strong></span> <span class='ocrx_word' id='word_1_6' title='bbox 613 611 743 703; x_wconf 83' lang='grc' dir='ltr'><strong><em>χερσίν,</em></strong></span> <span class='ocrx_word' id='word_1_7' title='bbox 765 613 834 678; x_wconf 76' lang='grc' dir='ltr'><strong><em>ἐπεὶ</em></strong></span> <span class='ocrx_word' id='word_1_8' title='bbox 854 620 990 701; x_wconf 83' lang='grc' dir='ltr'><em>τρηχεῖα</em></span> <span class='ocrx_word' id='word_1_9' title='bbox 1010 607 1176 680; x_wconf 78' lang='grc' dir='ltr'><strong><em>θάλασσα</em></strong></span> 
     </span>
     <span class='ocr_line' id='line_1_3' title="bbox 392 711 1155 812; baseline 0 -23"><span class='ocrx_word' id='word_1_10' title='bbox 392 711 510 812; x_wconf 80' lang='grc' dir='ltr'><strong><em>νεκρόν</em></strong></span> <span class='ocrx_word' id='word_1_11' title='bbox 530 727 756 812; x_wconf 87' lang='grc' dir='ltr'><strong><em>πεπταμένους</em></strong></span> <span class='ocrx_word' id='word_1_12' title='bbox 775 725 884 806; x_wconf 71' lang='grc' dir='ltr'><strong><em>θῆκεν</em></strong></span> <span class='ocrx_word' id='word_1_13' title='bbox 906 721 951 790; x_wconf 78' lang='grc' dir='ltr'><strong><em>ἐπ’</em></strong></span> <span class='ocrx_word' id='word_1_14' title='bbox 977 719 1155 809; x_wconf 80' lang='grc' dir='ltr'><strong><em>αλχιαλοός.</em></strong></span> 
     </span>
    </p>
   </div>
   <div class='ocr_carea' id='block_1_3' title="bbox 354 882 1310 1193">
    <p class='ocr_par' dir='ltr' id='par_1_3' title="bbox 354 882 1310 1193">
     <span class='ocr_line' id='line_1_4' title="bbox 776 882 919 947; baseline -0.007 0"><span class='ocrx_word' id='word_1_15' title='bbox 776 882 919 947; x_wconf 74' lang='lat' dir='ltr'>LXXVI.</span> 
     </span>
     <span class='ocr_line' id='line_1_5' title="bbox 354 985 1310 1083; baseline 0.005 -28"><span class='ocrx_word' id='word_1_16' title='bbox 354 990 517 1073; x_wconf 76' lang='grc' dir='ltr'><strong><em>Τέλληνος</em></strong></span> <span class='ocrx_word' id='word_1_17' title='bbox 538 985 595 1058; x_wconf 81' lang='grc' dir='ltr'><strong><em>ὅδε</em></strong></span> <span class='ocrx_word' id='word_1_18' title='bbox 615 986 756 1077; x_wconf 80' lang='grc' dir='ltr'><em>τύμβος·</em></span> <span class='ocrx_word' id='word_1_19' title='bbox 778 993 839 1078; x_wconf 83' lang='grc' dir='ltr'><strong><em>ίχω</em></strong></span> <span class='ocrx_word' id='word_1_20' title='bbox 862 988 893 1058; x_wconf 82' lang='grc' dir='ltr'><strong><em>δ’</em></strong></span> <span class='ocrx_word' id='word_1_21' title='bbox 917 987 1009 1060; x_wconf 69' lang='grc' dir='ltr'><strong><em>*ὑπὸ</em></strong></span> <span class='ocrx_word' id='word_1_22' title='bbox 1030 988 1142 1079; x_wconf 79' lang='grc' dir='ltr'><strong><em>βάλευ</em></strong></span> <span class='ocrx_word' id='word_1_23' title='bbox 1164 994 1310 1083; x_wconf 78' lang='grc' dir='ltr'><strong><em>πρέσβυν</em></strong></span> 
     </span>
     <span class='ocr_line' id='line_1_6' title="bbox 391 1096 1119 1193; baseline 0.005 -26"><span class='ocrx_word' id='word_1_24' title='bbox 391 1102 494 1182; x_wconf 86' lang='grc' dir='ltr'><strong><em>τῆνον</em></strong></span> <span class='ocrx_word' id='word_1_25' title='bbox 513 1096 575 1170; x_wconf 83' lang='grc' dir='ltr'><strong><em>τὸν</em></strong></span> <span class='ocrx_word' id='word_1_26' title='bbox 594 1104 724 1193; x_wconf 83' lang='grc' dir='ltr'><strong><em>πρᾶτον</em></strong></span> <span class='ocrx_word' id='word_1_27' title='bbox 744 1098 869 1190; x_wconf 79' lang='grc' dir='ltr'><strong><em>γνόντα</em></strong></span> <span class='ocrx_word' id='word_1_28' title='bbox 889 1105 1119 1192; x_wconf 83' lang='grc' dir='ltr'><strong><em>χελοιομελιῖν.</em></strong></span> 
     </span>
    </p>
   </div>
   <div class='ocr_carea' id='block_1_4' title="bbox 342 1261 1295 2461">
    <p class='ocr_par' dir='ltr' id='par_1_4' title="bbox 342 1261 1295 2461">
     <span class='ocr_line' id='line_1_7' title="bbox 770 1261 1052 1327; baseline 0 0"><span class='ocrx_word' id='word_1_29' title='bbox 770 1261 929 1327; x_wconf 80' lang='lat' dir='ltr'>LXXVII.</span> <span class='ocrx_word' id='word_1_30' title='bbox 1049 1283 1052 1289; x_wconf 92' lang='lat'><em>·</em></span> 
     </span>
     <span class='ocr_line' id='line_1_8' title="bbox 342 1366 1129 1458; baseline 0.005 -24"><span class='ocrx_word' id='word_1_31' title='bbox 342 1366 516 1458; x_wconf 73' lang='grc' dir='ltr'><strong><em>Ἐσπέριον</em></strong></span> <span class='ocrx_word' id='word_1_32' title='bbox 536 1369 645 1458; x_wconf 75' lang='grc' dir='ltr'><strong><em>κὴρῖον</em></strong></span> <span class='ocrx_word' id='word_1_33' title='bbox 667 1367 824 1440; x_wconf 75' lang='grc' dir='ltr'><strong><em>ἀπώσατο</em></strong></span> <span class='ocrx_word' id='word_1_34' title='bbox 847 1367 1004 1450; x_wconf 76' lang='grc' dir='ltr'><strong><em>πολλάκις</em></strong></span> <span class='ocrx_word' id='word_1_35' title='bbox 1024 1367 1129 1440; x_wconf 82' lang='grc' dir='ltr'><strong><em>ὕπνον</em></strong></span> 
     </span>
     <span class='ocr_line' id='line_1_9' title="bbox 390 1473 1238 1570; baseline 0.001 -22"><span class='ocrx_word' id='word_1_36' title='bbox 390 1478 412 1562; x_wconf 84' lang='grc' dir='ltr'><strong><em>ἡ</em></strong></span> <span class='ocrx_word' id='word_1_37' title='bbox 434 1474 535 1570; x_wconf 75' lang='grc' dir='ltr'><strong><em>γρηῢς</em></strong></span> <span class='ocrx_word' id='word_1_38' title='bbox 554 1485 671 1563; x_wconf 80' lang='grc' dir='ltr'><strong><em>πενίην</em></strong></span> <span class='ocrx_word' id='word_1_39' title='bbox 692 1484 855 1560; x_wconf 74' lang='grc' dir='ltr'><strong><em>Πλατθὶς</em></strong></span> <span class='ocrx_word' id='word_1_40' title='bbox 876 1479 1083 1569; x_wconf 82' lang='grc' dir='ltr'><strong><em>ἀμυνομένη·</em></strong></span> <span class='ocrx_word' id='word_1_41' title='bbox 1236 1473 1238 1478; x_wconf 55' lang='grc'><strong>’</strong></span> 
     </span>
     <span class='ocr_line' id='line_1_10' title="bbox 346 1585 1295 1682; baseline 0.002 -26"><span class='ocrx_word' id='word_1_42' title='bbox 346 1593 403 1658; x_wconf 86' lang='grc' dir='ltr'><strong><em>καί</em></strong></span> <span class='ocrx_word' id='word_1_43' title='bbox 423 1615 456 1657; x_wconf 92' lang='grc' dir='ltr'><strong><em>τι</em></strong></span> <span class='ocrx_word' id='word_1_44' title='bbox 476 1586 560 1682; x_wconf 84' lang='grc' dir='ltr'><strong><em>πρὸς</em></strong></span> <span class='ocrx_word' id='word_1_45' title='bbox 580 1589 750 1675; x_wconf 79' lang='grc' dir='ltr'><strong><em>ἠλακάτην</em></strong></span> <span class='ocrx_word' id='word_1_46' title='bbox 770 1595 828 1660; x_wconf 85' lang='grc' dir='ltr'><strong><em>καὶ</em></strong></span> <span class='ocrx_word' id='word_1_47' title='bbox 849 1587 909 1662; x_wconf 84' lang='grc' dir='ltr'><strong><em>τόν</em></strong></span> <span class='ocrx_word' id='word_1_48' title='bbox 931 1593 1110 1681; x_wconf 74' lang='grc' dir='ltr'><strong><em>σονέριθον</em></strong></span> <span class='ocrx_word' id='word_1_49' title='bbox 1131 1585 1295 1680; x_wconf 89' lang='grc' dir='ltr'><strong><em>άτρακτον</em></strong></span> 
     </span>
     <span class='ocr_line' id='line_1_11' title="bbox 389 1695 1028 1793; baseline 0.005 -26"><span class='ocrx_word' id='word_1_50' title='bbox 389 1695 498 1782; x_wconf 77' lang='grc' dir='ltr'><strong><em>ἤεισεν</em></strong></span> <span class='ocrx_word' id='word_1_51' title='bbox 518 1705 637 1770; x_wconf 83' lang='grc' dir='ltr'><strong><em>πολιοῦ</em></strong></span> <span class='ocrx_word' id='word_1_52' title='bbox 658 1699 784 1793; x_wconf 77' lang='grc' dir='ltr'><strong><em>γήραος</em></strong></span> <span class='ocrx_word' id='word_1_53' title='bbox 805 1699 883 1791; x_wconf 79' lang='grc' dir='ltr'><strong><em>άχχι</em></strong></span> <span class='ocrx_word' id='word_1_54' title='bbox 902 1706 1028 1791; x_wconf 83' lang='grc' dir='ltr'><strong><em>θυρῶν,</em></strong></span> 
     </span>
     <span class='ocr_line' id='line_1_12' title="bbox 345 1808 1161 1903; baseline 0.001 -25"><span class='ocrx_word' id='word_1_55' title='bbox 345 1815 404 1878; x_wconf 90' lang='grc' dir='ltr'><strong><em>καί</em></strong></span> <span class='ocrx_word' id='word_1_56' title='bbox 423 1836 456 1879; x_wconf 85' lang='grc' dir='ltr'><strong><em>τι</em></strong></span> <span class='ocrx_word' id='word_1_57' title='bbox 475 1816 683 1902; x_wconf 84' lang='grc' dir='ltr'><strong><em>παριστίδιος</em></strong></span> <span class='ocrx_word' id='word_1_58' title='bbox 703 1816 874 1901; x_wconf 78' lang='grc' dir='ltr'><strong><em>δινευμένη</em></strong></span> <span class='ocrx_word' id='word_1_59' title='bbox 897 1808 990 1903; x_wconf 86' lang='grc' dir='ltr'><strong><em>άχρις</em></strong></span> <span class='ocrx_word' id='word_1_60' title='bbox 1011 1811 1056 1880; x_wconf 75' lang='grc' dir='ltr'><strong><em>ἐπ’</em></strong></span> <span class='ocrx_word' id='word_1_61' title='bbox 1080 1811 1161 1895; x_wconf 81' lang='grc' dir='ltr'><strong><em>ἠοῦς</em></strong></span> 
     </span>
     <span class='ocr_line' id='line_1_13' title="bbox 390 1920 1124 2016; baseline 0.003 -26"><span class='ocrx_word' id='word_1_62' title='bbox 390 1932 499 1993; x_wconf 81' lang='grc' dir='ltr'><strong><em>κεῖνον</em></strong></span> <span class='ocrx_word' id='word_1_63' title='bbox 517 1922 709 2007; x_wconf 74' lang='grc' dir='ltr'><strong><em>Ἀθηναίης</em></strong></span> <span class='ocrx_word' id='word_1_64' title='bbox 729 1920 791 1993; x_wconf 71' lang='grc' dir='ltr'><strong><em>σὺν</em></strong></span> <span class='ocrx_word' id='word_1_65' title='bbox 815 1921 961 2016; x_wconf 81' lang='grc' dir='ltr'><strong><em>Χάρισιν</em></strong></span> <span class='ocrx_word' id='word_1_66' title='bbox 983 1922 1124 2013; x_wconf 82' lang='grc' dir='ltr'><strong><em>δόλιχον,</em></strong></span> 
     </span>
     <span class='ocr_line' id='line_1_14' title="bbox 344 2030 1138 2127; baseline 0 -25"><span class='ocrx_word' id='word_1_67' title='bbox 344 2030 368 2117; x_wconf 82' lang='grc' dir='ltr'><strong><em>ἢ</em></strong></span> <span class='ocrx_word' id='word_1_68' title='bbox 389 2030 483 2124; x_wconf 79' lang='grc' dir='ltr'><strong><em>ῥικνὴ</em></strong></span> <span class='ocrx_word' id='word_1_69' title='bbox 504 2035 620 2125; x_wconf 83' lang='grc' dir='ltr'><strong><em>ῥικνοῦ</em></strong></span> <span class='ocrx_word' id='word_1_70' title='bbox 640 2039 716 2126; x_wconf 84' lang='grc' dir='ltr'><strong><em>περὶ</em></strong></span> <span class='ocrx_word' id='word_1_71' title='bbox 736 2032 898 2122; x_wconf 78' lang='grc' dir='ltr'><strong><em>γούνατος</em></strong></span> <span class='ocrx_word' id='word_1_72' title='bbox 920 2031 1036 2127; x_wconf 91' lang='grc' dir='ltr'><strong><em>άρκιον</em></strong></span> <span class='ocrx_word' id='word_1_73' title='bbox 1057 2037 1138 2122; x_wconf 78' lang='grc' dir='ltr'><strong><em>ἱστῷ</em></strong></span> 
     </span>
     <span class='ocr_line' id='line_1_15' title="bbox 385 2143 1093 2237; baseline 0 -24"><span class='ocrx_word' id='word_1_74' title='bbox 385 2149 471 2237; x_wconf 84' lang='grc' dir='ltr'><strong><em>χειρὶ</em></strong></span> <span class='ocrx_word' id='word_1_75' title='bbox 493 2143 740 2235; x_wconf 76' lang='grc' dir='ltr'><strong><em>στροχχόλλονό</em></strong></span> <span class='ocrx_word' id='word_1_76' title='bbox 765 2144 943 2235; x_wconf 80' lang='grc' dir='ltr'><strong><em>ἱμερόεσσα</em></strong></span> <span class='ocrx_word' id='word_1_77' title='bbox 963 2143 1093 2236; x_wconf 93' lang='grc' dir='ltr'><strong><em>κρόκην.</em></strong></span> 
     </span>
     <span class='ocr_line' id='line_1_16' title="bbox 344 2252 1155 2348; baseline 0 -24"><span class='ocrx_word' id='word_1_78' title='bbox 344 2255 599 2344; x_wconf 81' lang='grc' dir='ltr'><strong><em>ὀχδοικονταέτις</em></strong></span> <span class='ocrx_word' id='word_1_79' title='bbox 619 2256 650 2324; x_wconf 81' lang='grc' dir='ltr'><strong><em>δ’</em></strong></span> <span class='ocrx_word' id='word_1_80' title='bbox 673 2253 884 2348; x_wconf 83' lang='grc' dir='ltr'><strong><em>Ἀχερούσιον</em></strong></span> <span class='ocrx_word' id='word_1_81' title='bbox 904 2253 1048 2344; x_wconf 79' lang='grc' dir='ltr'><strong><em>ηόγασεν</em></strong></span> <span class='ocrx_word' id='word_1_82' title='bbox 1068 2252 1155 2348; x_wconf 80' lang='grc' dir='ltr'><strong><em>ὕδωρ</em></strong></span> 
     </span>
     <span class='ocr_line' id='line_1_17' title="bbox 388 2363 1132 2461; baseline 0 -26"><span class='ocrx_word' id='word_1_83' title='bbox 388 2366 411 2452; x_wconf 82' lang='grc' dir='ltr'><em>ἡ</em></span> <span class='ocrx_word' id='word_1_84' title='bbox 432 2363 520 2435; x_wconf 83' lang='grc' dir='ltr'><strong><em>καλά</em></strong></span> <span class='ocrx_word' id='word_1_85' title='bbox 540 2371 597 2437; x_wconf 85' lang='grc' dir='ltr'><strong><em>καὶ</em></strong></span> <span class='ocrx_word' id='word_1_86' title='bbox 617 2371 724 2448; x_wconf 82' lang='grc' dir='ltr'><strong><em>καλῶς</em></strong></span> <span class='ocrx_word' id='word_1_87' title='bbox 746 2371 907 2448; x_wconf 77' lang='grc' dir='ltr'><strong><em>Πλατθὶς</em></strong></span> <span class='ocrx_word' id='word_1_88' title='bbox 926 2367 1132 2461; x_wconf 81' lang='grc' dir='ltr'><strong><em>ὑφηναμένη.</em></strong></span> 
     </span>
    </p>
   </div>
   <div class='ocr_carea' id='block_1_5' title="bbox 306 2528 1250 3292">
    <p class='ocr_par' dir='ltr' id='par_1_5' title="bbox 306 2528 1250 3292">
     <span class='ocr_line' id='line_1_18' title="bbox 761 2528 935 2594; baseline 0 -1"><span class='ocrx_word' id='word_1_89' title='bbox 761 2528 935 2594; x_wconf 78' lang='lat' dir='ltr'>LXXVssl.</span> 
     </span>
     <span class='ocr_line' id='line_1_19' title="bbox 338 2643 1127 2738; baseline -0.001 -20"><span class='ocrx_word' id='word_1_90' title='bbox 338 2645 505 2737; x_wconf 74' lang='grc' dir='ltr'><strong><em>’Ἀμπελος</em></strong></span> <span class='ocrx_word' id='word_1_91' title='bbox 526 2644 570 2728; x_wconf 77' lang='grc' dir='ltr'><strong><em>ὣς</em></strong></span> <span class='ocrx_word' id='word_1_92' title='bbox 590 2643 655 2730; x_wconf 78' lang='grc' dir='ltr'><strong><em>ἤδη</em></strong></span> <span class='ocrx_word' id='word_1_93' title='bbox 677 2645 801 2736; x_wconf 88' lang='grc' dir='ltr'><strong><em>κάμακι</em></strong></span> <span class='ocrx_word' id='word_1_94' title='bbox 822 2649 1016 2738; x_wconf 84' lang='grc' dir='ltr'><strong><em>στηρίζομοιι</em></strong></span> <span class='ocrx_word' id='word_1_95' title='bbox 1037 2648 1127 2736; x_wconf 74' lang='grc' dir='ltr'><strong><em>αὐτῷ</em></strong></span> 
     </span>
     <span class='ocr_line' id='line_1_20' title="bbox 306 2757 1146 2847; baseline 0 -19"><span class='ocrx_word' id='word_1_96' title='bbox 306 2823 309 2828; x_wconf 94' lang='grc'>.</span> <span class='ocrx_word' id='word_1_97' title='bbox 389 2763 575 2847; x_wconf 78' lang='grc' dir='ltr'><strong><em>σκηπανίῳ·</em></strong></span> <span class='ocrx_word' id='word_1_98' title='bbox 596 2763 705 2828; x_wconf 82' lang='grc' dir='ltr'><strong><em>καλέει</em></strong></span> <span class='ocrx_word' id='word_1_99' title='bbox 725 2759 755 2847; x_wconf 90' lang='grc' dir='ltr'><strong><em>μ’</em></strong></span> <span class='ocrx_word' id='word_1_100' title='bbox 782 2766 827 2839; x_wconf 84' lang='grc' dir='ltr'><strong><em>εὶς</em></strong></span> <span class='ocrx_word' id='word_1_101' title='bbox 844 2758 961 2842; x_wconf 81' lang='grc' dir='ltr'><strong><em>Ἀίδην</em></strong></span> <span class='ocrx_word' id='word_1_102' title='bbox 981 2757 1146 2840; x_wconf 78' lang='grc' dir='ltr'><strong><em>θάνατος.</em></strong></span> 
     </span>
     <span class='ocr_line' id='line_1_21' title="bbox 344 2865 1250 2964; baseline -0.002 -22"><span class='ocrx_word' id='word_1_103' title='bbox 344 2868 507 2964; x_wconf 84' lang='grc' dir='ltr'><strong><em>δυσκόφει</em></strong></span> <span class='ocrx_word' id='word_1_104' title='bbox 527 2865 574 2959; x_wconf 80' lang='grc' dir='ltr'><strong><em>μὴ</em></strong></span> <span class='ocrx_word' id='word_1_105' title='bbox 595 2872 630 2938; x_wconf 87' lang='grc' dir='ltr'><em>Γ</em></span> <span class='ocrx_word' id='word_1_106' title='bbox 626 2867 720 2960; x_wconf 85' lang='grc' dir='ltr'><strong><em>όρχε·</em></strong></span> <span class='ocrx_word' id='word_1_107' title='bbox 740 2875 774 2939; x_wconf 89' lang='grc' dir='ltr'><strong><em>τί</em></strong></span> <span class='ocrx_word' id='word_1_108' title='bbox 794 2895 848 2939; x_wconf 92' lang='grc' dir='ltr'><strong><em>τοι</em></strong></span> <span class='ocrx_word' id='word_1_109' title='bbox 865 2876 1093 2962; x_wconf 82' lang='grc' dir='ltr'><strong><em>χαριέστερον,</em></strong></span> <span class='ocrx_word' id='word_1_110' title='bbox 1114 2877 1142 2939; x_wconf 83' lang='grc' dir='ltr'><strong><em>εὶ</em></strong></span> <span class='ocrx_word' id='word_1_111' title='bbox 1162 2882 1250 2964; x_wconf 81' lang='grc' dir='ltr'><strong><em>τρεῖς</em></strong></span> 
     </span>
     <span class='ocr_line' id='line_1_22' title="bbox 387 2979 1048 3077; baseline -0.006 -26"><span class='ocrx_word' id='word_1_112' title='bbox 387 2980 411 3068; x_wconf 79' lang='grc' dir='ltr'><em>ἢ</em></span> <span class='ocrx_word' id='word_1_113' title='bbox 431 2987 572 3072; x_wconf 85' lang='grc' dir='ltr'><strong><em>πίσυρας</em></strong></span> <span class='ocrx_word' id='word_1_114' title='bbox 592 2984 693 3061; x_wconf 83' lang='grc' dir='ltr'><strong><em>ποίας</em></strong></span> <span class='ocrx_word' id='word_1_115' title='bbox 712 2979 836 3077; x_wconf 76' lang='grc' dir='ltr'><strong><em>θάλψχ</em></strong></span> <span class='ocrx_word' id='word_1_116' title='bbox 857 2981 906 3052; x_wconf 83' lang='grc' dir='ltr'><strong><em>ὑπ’</em></strong></span> <span class='ocrx_word' id='word_1_117' title='bbox 932 2980 1048 3069; x_wconf 71' lang='grc' dir='ltr'><strong><em>ἠελίρς</em></strong></span> 
     </span>
     <span class='ocr_line' id='line_1_23' title="bbox 343 3089 1120 3181; baseline -0.001 -18"><span class='ocrx_word' id='word_1_118' title='bbox 343 3090 400 3164; x_wconf 79' lang='grc' dir='ltr'><strong><em>ὧδ’</em></strong></span> <span class='ocrx_word' id='word_1_119' title='bbox 427 3093 519 3174; x_wconf 82' lang='grc' dir='ltr'><strong><em>ε’ίπας</em></strong></span> <span class='ocrx_word' id='word_1_120' title='bbox 541 3091 583 3162; x_wconf 79' lang='grc' dir='ltr'><strong><em>οὐ</em></strong></span> <span class='ocrx_word' id='word_1_121' title='bbox 602 3089 717 3181; x_wconf 82' lang='grc' dir='ltr'><strong><em>κόμπῳ</em></strong></span> <span class='ocrx_word' id='word_1_122' title='bbox 739 3089 806 3162; x_wconf 80' lang='grc' dir='ltr'><strong><em>άπὸ</em></strong></span> <span class='ocrx_word' id='word_1_123' title='bbox 828 3089 914 3177; x_wconf 77' lang='grc' dir='ltr'><strong><em>ζωὴν</em></strong></span> <span class='ocrx_word' id='word_1_124' title='bbox 936 3092 956 3161; x_wconf 86' lang='grc' dir='ltr'>ὁ</span> <span class='ocrx_word' id='word_1_125' title='bbox 977 3091 1120 3174; x_wconf 86' lang='grc' dir='ltr'><strong><em>παλαιός</em></strong></span> 
     </span>
     <span class='ocr_line' id='line_1_24' title="bbox 388 3195 1087 3292; baseline -0.003 -17"><span class='ocrx_word' id='word_1_126' title='bbox 388 3202 497 3275; x_wconf 83' lang='grc' dir='ltr'><strong><em>όσατο</em></strong></span> <span class='ocrx_word' id='word_1_127' title='bbox 519 3203 579 3288; x_wconf 79' lang='grc' dir='ltr'><strong><em>κής</em></strong></span> <span class='ocrx_word' id='word_1_128' title='bbox 599 3200 746 3274; x_wconf 89' lang='grc' dir='ltr'><strong><em>πλεόνων</em></strong></span> <span class='ocrx_word' id='word_1_129' title='bbox 766 3195 855 3288; x_wconf 78' lang='grc' dir='ltr'><strong><em>ἦλθε</em></strong></span> <span class='ocrx_word' id='word_1_130' title='bbox 876 3209 1087 3292; x_wconf 86' lang='grc' dir='ltr'><strong><em>μετοικεσίην.</em></strong></span> 
     </span>
    </p>
   </div>
   <div class='ocr_carea' id='block_1_6' title="bbox 350 3353 1230 3666">
    <p class='ocr_par' dir='ltr' id='par_1_6' title="bbox 350 3353 1230 3666">
     <span class='ocr_line' id='line_1_25' title="bbox 771 3353 912 3419; baseline 0 -1"><span class='ocrx_word' id='word_1_131' title='bbox 771 3353 912 3419; x_wconf 83' lang='lat' dir='ltr'>LXXIX.</span> 
     </span>
     <span class='ocr_line' id='line_1_26' title="bbox 350 3459 1230 3555; baseline 0.001 -23"><span class='ocrx_word' id='word_1_132' title='bbox 350 3461 418 3534; x_wconf 84' lang='grc' dir='ltr'><strong><em>Τόν</em></strong></span> <span class='ocrx_word' id='word_1_133' title='bbox 435 3462 575 3555; x_wconf 80' lang='grc' dir='ltr'><strong><em>χαρίεντ’</em></strong></span> <span class='ocrx_word' id='word_1_134' title='bbox 597 3461 785 3551; x_wconf 73' lang='grc' dir='ltr'><strong><em>Ἀλκμᾶνα,</em></strong></span> <span class='ocrx_word' id='word_1_135' title='bbox 806 3459 866 3531; x_wconf 84' lang='grc' dir='ltr'><strong><em>τὸν</em></strong></span> <span class='ocrx_word' id='word_1_136' title='bbox 887 3460 1041 3551; x_wconf 74' lang='grc' dir='ltr'><strong><em>ὑμνητῆρ</em></strong></span> <span class='ocrx_word' id='word_1_137' title='bbox 1065 3461 1230 3552; x_wconf 82' lang='grc' dir='ltr'><strong><em>ὑμεναίων</em></strong></span> 
     </span>
     <span class='ocr_line' id='line_1_27' title="bbox 386 3569 1117 3666; baseline -0.001 -22"><span class='ocrx_word' id='word_1_138' title='bbox 386 3573 519 3658; x_wconf 87' lang='grc' dir='ltr'><strong><em>κόκνον,</em></strong></span> <span class='ocrx_word' id='word_1_139' title='bbox 541 3571 601 3644; x_wconf 82' lang='grc' dir='ltr'><strong><em>τόν</em></strong></span> <span class='ocrx_word' id='word_1_140' title='bbox 624 3577 773 3645; x_wconf 80' lang='grc' dir='ltr'><strong><em>Μουσῶν</em></strong></span> <span class='ocrx_word' id='word_1_141' title='bbox 795 3569 873 3657; x_wconf 85' lang='grc' dir='ltr'><strong><em>άξια</em></strong></span> <span class='ocrx_word' id='word_1_142' title='bbox 894 3571 1117 3666; x_wconf 75' lang='grc' dir='ltr'><strong><em>μελιμάμενον,</em></strong></span> 
     </span>
    </p>
   </div>
   <div class='ocr_carea' id='block_1_7' title="bbox 338 3827 1345 4164">
    <p class='ocr_par' dir='ltr' id='par_1_7' title="bbox 338 3827 1345 4164">
     <span class='ocr_line' id='line_1_28' title="bbox 411 3827 1345 3900; baseline -0.003 -13"><span class='ocrx_word' id='word_1_143' title='bbox 411 3829 534 3889; x_wconf 84' lang='lat' dir='ltr'>LXXVI.</span> <span class='ocrx_word' id='word_1_144' title='bbox 553 3831 608 3890; x_wconf 80' lang='lat' dir='ltr'>Pal.</span> <span class='ocrx_word' id='word_1_145' title='bbox 622 3829 681 3900; x_wconf 83' lang='lat' dir='ltr'>Vll,</span> <span class='ocrx_word' id='word_1_146' title='bbox 695 3833 756 3888; x_wconf 87' lang='grc'><strong>719.</strong></span> <span class='ocrx_word' id='word_1_147' title='bbox 768 3862 802 3872; x_wconf 98' lang='grc'>-</span> <span class='ocrx_word' id='word_1_148' title='bbox 814 3827 948 3886; x_wconf 74' lang='lat' dir='ltr'>LXXVII.</span> <span class='ocrx_word' id='word_1_149' title='bbox 967 3829 1023 3887; x_wconf 76' lang='lat' dir='ltr'>Pal.</span> <span class='ocrx_word' id='word_1_150' title='bbox 1035 3828 1095 3900; x_wconf 85' lang='lat' dir='ltr'><strong>Vll,</strong></span> <span class='ocrx_word' id='word_1_151' title='bbox 1108 3829 1167 3887; x_wconf 77' lang='lat'><strong>726.</strong></span> <span class='ocrx_word' id='word_1_152' title='bbox 1185 3827 1234 3884; x_wconf 76' lang='lat' dir='ltr'><strong><em>Vs,</em></strong></span> <span class='ocrx_word' id='word_1_153' title='bbox 1244 3831 1262 3884; x_wconf 82' lang='grc'><strong>6</strong></span> <span class='ocrx_word' id='word_1_154' title='bbox 1274 3834 1345 3884; x_wconf 80' lang='grc' dir='ltr'><strong><em>δολι-</em></strong></span> 
     </span>
     <span class='ocr_line' id='line_1_29' title="bbox 338 3913 1344 3993; baseline -0.004 -19"><span class='ocrx_word' id='word_1_155' title='bbox 338 3918 395 3989; x_wconf 88' lang='grc' dir='ltr'><strong><em>χόν,</em></strong></span> <span class='ocrx_word' id='word_1_156' title='bbox 413 3916 490 3974; x_wconf 54' lang='lat' dir='ltr'><strong><em>Vol!</em></strong></span> <span class='ocrx_word' id='word_1_157' title='bbox 508 3918 525 3989; x_wconf 77' lang='grc' dir='ltr'><em>ἡ</em></span> <span class='ocrx_word' id='word_1_158' title='bbox 543 3921 614 3993; x_wconf 68' lang='grc' dir='ltr'><strong><em>ῥικνοὶ</em></strong></span> <span class='ocrx_word' id='word_1_159' title='bbox 632 3917 707 3974; x_wconf 81' lang='lat' dir='ltr'>Fort.</span> <span class='ocrx_word' id='word_1_160' title='bbox 721 3917 793 3991; x_wconf 71' lang='grc' dir='ltr'><strong><em>ῥικνῇ</em></strong></span> <span class='ocrx_word' id='word_1_161' title='bbox 811 3915 887 3974; x_wconf 59' lang='lat' dir='ltr'><strong><em>Vas</em></strong></span> <span class='ocrx_word' id='word_1_162' title='bbox 904 3914 966 3972; x_wconf 84' lang='lat' dir='ltr'><strong>fort.</strong></span> <span class='ocrx_word' id='word_1_163' title='bbox 978 3918 994 3988; x_wconf 78' lang='grc' dir='ltr'><em>ἡ</em></span> <span class='ocrx_word' id='word_1_164' title='bbox 1006 3917 1138 3991; x_wconf 83' lang='grc' dir='ltr'><strong><em>μορόεοοα</em></strong></span> <span class='ocrx_word' id='word_1_165' title='bbox 1151 3947 1184 3957; x_wconf 95' lang='grc'>-</span> <span class='ocrx_word' id='word_1_166' title='bbox 1196 3913 1344 3971; x_wconf 77' lang='lat' dir='ltr'>LXXVIII.</span> 
     </span>
     <span class='ocr_line' id='line_1_30' title="bbox 341 3997 1344 4075; baseline -0.006 -15"><span class='ocrx_word' id='word_1_167' title='bbox 341 4002 397 4060; x_wconf 83' lang='lat' dir='ltr'><strong>Pal.</strong></span> <span class='ocrx_word' id='word_1_168' title='bbox 410 4001 470 4073; x_wconf 84' lang='lat' dir='ltr'>Vll,</span> <span class='ocrx_word' id='word_1_169' title='bbox 489 4006 549 4061; x_wconf 79' lang='lat'><strong><em>731.</em></strong></span> <span class='ocrx_word' id='word_1_170' title='bbox 572 4002 646 4061; x_wconf 77' lang='lat' dir='ltr'><strong>Vs.l</strong></span> <span class='ocrx_word' id='word_1_171' title='bbox 666 4005 699 4066; x_wconf 82' lang='grc' dir='ltr'><strong><em>ὥς</em></strong></span> <span class='ocrx_word' id='word_1_172' title='bbox 725 4002 779 4059; x_wconf 82' lang='lat' dir='ltr'><strong><em>Pro</em></strong></span> <span class='ocrx_word' id='word_1_173' title='bbox 797 4001 868 4074; x_wconf 76' lang='grc' dir='ltr'><strong><em>αὐτῷ</em></strong></span> <span class='ocrx_word' id='word_1_174' title='bbox 886 4001 948 4059; x_wconf 82' lang='lat' dir='ltr'><strong>fort.</strong></span> <span class='ocrx_word' id='word_1_175' title='bbox 966 4003 1020 4073; x_wconf 75' lang='grc' dir='ltr'><strong><em>αόρι</em></strong></span> <span class='ocrx_word' id='word_1_176' title='bbox 1044 4002 1124 4059; x_wconf 77' lang='lat' dir='ltr'><strong>Vs.3</strong></span> <span class='ocrx_word' id='word_1_177' title='bbox 1140 4001 1158 4074; x_wconf 75' lang='grc' dir='ltr'><em>ἢ</em></span> <span class='ocrx_word' id='word_1_178' title='bbox 1175 4012 1244 4075; x_wconf 81' lang='grc' dir='ltr'><strong><em>τρεῖς</em></strong></span> <span class='ocrx_word' id='word_1_179' title='bbox 1266 3997 1344 4056; x_wconf 65' lang='lat' dir='ltr'><strong><em>VM</em></strong></span> 
     </span>
     <span class='ocr_line' id='line_1_31' title="bbox 340 4087 1122 4164; baseline -0.004 -17"><span class='ocrx_word' id='word_1_180' title='bbox 340 4089 499 4164; x_wconf 77' lang='grc' dir='ltr'><strong><em>θάλψαι-</em></strong></span> <span class='ocrx_word' id='word_1_181' title='bbox 518 4088 642 4148; x_wconf 76' lang='lat' dir='ltr'>LXXIX.</span> <span class='ocrx_word' id='word_1_182' title='bbox 660 4087 717 4147; x_wconf 80' lang='lat' dir='ltr'><strong>Pal.</strong></span> <span class='ocrx_word' id='word_1_183' title='bbox 732 4088 797 4159; x_wconf 71' lang='lat' dir='ltr'><strong><em>VH,</em></strong></span> <span class='ocrx_word' id='word_1_184' title='bbox 816 4090 858 4146; x_wconf 87' lang='lat'><strong><em>19.</em></strong></span> <span class='ocrx_word' id='word_1_185' title='bbox 876 4088 956 4148; x_wconf 77' lang='lat' dir='ltr'><strong>Vs.2</strong></span> <span class='ocrx_word' id='word_1_186' title='bbox 974 4089 1122 4148; x_wconf 77' lang='grc' dir='ltr'><strong><em>Μουσίυνί</em></strong></span> 
     </span>
    </p>
   </div>
   <div class='ocr_carea' id='block_1_8' title="bbox 0 0 1512 4808">
    <p class='ocr_par' dir='ltr' id='par_1_8' title="bbox 0 0 1512 4808">
     <span class='ocr_line' id='line_1_32' title="bbox 0 0 1512 4808; baseline 0 2"><span class='ocrx_word' id='word_1_187' title='bbox 0 0 1512 4808; x_wconf 95' lang='lat' dir='ltr'><strong><em> </em></strong></span> 
     </span>
    </p>
   </div>
  </div>
 </body>
</html>
