3028 4826
330 453 392 518 234,
672 447 991 510 commonitos.

329 601 487 668 solentior
513 601 617 667 forma
639 623 764 668 causam
787 602 990 690 corruptelae
1019 603 1175 690 praebuit.
1222 605 1336 672 Altero

328 736 425 781 versu
446 713 618 780 admodum
638 713 853 780 memorabilis
878 725 926 780 cst
941 718 1078 782 aoristus
1101 719 1251 796 ἔστασας,
1273 741 1336 805 pro

329 848 395 913 quo
412 825 500 893 Plan.
517 826 662 914 ἴδρασας,
684 826 864 892 Brunclius
882 826 1033 913 ἔδρασας,
1053 828 1224 894 Jacobsius
1240 834 1337 895 ίστα-

328 961 389 1014 νας
416 941 619 1024 scripserunt
671 938 716 1003 At
742 940 916 1003 rectissime
944 939 1041 1004 habet
1062 941 1218 1018 ἔστασας,
1247 939 1337 1026 quod

328 1049 478 1115 formavit
498 1059 597 1136 pocta
618 1048 661 1114 ad
682 1049 859 1136 exemplum
881 1051 1029 1129 Homeri,
1052 1052 1108 1138 qui
1130 1049 1231 1116 tribus
1252 1049 1335 1117 locis

327 1184 346 1226 a
369 1163 564 1228 Buttmanno
586 1161 733 1227 indicatis
755 1161 819 1227 hoo
840 1163 962 1227 aoristo
984 1183 1060 1228 osus
1084 1171 1145 1240 est,
1174 1161 1232 1226 sed
1254 1184 1336 1229 non-

328 1275 389 1338 nisi
409 1277 444 1339 in
465 1277 559 1340 tertia
580 1294 721 1360 persona
741 1272 888 1360 pluralis,
910 1275 1063 1342 ἔστασαν.
1116 1272 1213 1339 Aliud
1241 1274 1335 1340 huius

328 1386 450 1452 formae
481 1385 659 1473 exemplum
687 1384 788 1451 habes
817 1384 903 1471 apud
931 1383 1114 1471 Philippum
1143 1384 1239 1449 Anth.
1264 1385 1334 1451 Pal.

327 1499 386 1578 lx,
410 1501 475 1565 708
500 1499 594 1584 χερσὶ
615 1497 823 1581 Γιγαντείαις
845 1498 961 1563 ἔστασε
983 1497 1240 1578 (Dicaearchea)
1260 1500 1334 1584 νέρ-

327 1611 393 1674 θεν
414 1604 509 1696 ὕδωρ,
530 1610 667 1676 fortasse
689 1613 784 1675 etiam
807 1607 893 1695 apud
916 1607 1122 1695 Anonymum
1144 1608 1240 1673 anth.
1263 1609 1331 1674 Pal.

327 1722 385 1801 lx,
408 1723 489 1799 184,
509 1725 545 1801 9,
573 1720 629 1787 ubi
651 1743 747 1808 quum
773 1722 923 1806 scriptum
945 1723 998 1784 sit:
1027 1722 1119 1787 ίλατε
1139 1714 1250 1800 πάσης
1271 1718 1333 1809 ἁρ-

324 1827 389 1917 χὴν
411 1832 445 1898 οἳ
465 1833 597 1921 λυρικῆς
617 1834 674 1898 καὶ
695 1836 798 1919 πέρας
819 1826 999 1911 ὲσπσίσατε,
1027 1833 1103 1898 mihi
1125 1831 1253 1918 quidem
1274 1855 1333 1920 po-

327 1953 476 2010 stremum
497 1942 632 2009 verbum
653 1946 687 2009 in
709 1938 868 2009 ἐστιν’σατε
889 1942 1073 2009 mutandum
1093 1943 1229 2009 videtur.
1264 1943 1333 2010 Sal-

326 2065 409 2137 vete,
430 2057 542 2142 inquit,
565 2058 621 2142 qui
642 2056 775 2143 lyricam
797 2064 896 2120 artem
910 2055 1084 2121 inchoastis
1104 2065 1137 2120 et
1156 2054 1238 2120 fines
1262 2058 1331 2122 eius

327 2169 543 2247 constituistis,
565 2167 596 2232 h
612 2190 639 2233 e.
664 2167 705 2233 ad
726 2189 876 2233 summam
890 2167 1120 2253 perfectionem
1144 2189 1212 2231 cam
1231 2166 1331 2232 addu-

325 2282 424 2345 xistis.
479 2281 674 2367 Denique
665 2301 700 2344 rn
722 2281 959 2366 epigrammate
996 2278 1082 2365 apud
1117 2278 1341 2353 Wclckerum

327 2389 408 2478 Syll.
437 2394 538 2481 epigr.
568 2417 600 2479 p
625 2393 689 2457 120
720 2385 878 2476 Μάξιμος
899 2387 1078 2477 Εὐδαίμων
1104 2393 1160 2458 καὶ
1185 2392 1221 2457 Γ
1216 2394 1333 2469 αίανσς

326 2498 385 2569 δύο
406 2504 505 2570 παῖδε
524 2504 531 2586 Ι
549 2505 680 2569 ἔκτισαν
698 2497 892 2588 Ἀντιόχονο,
913 2505 970 2568 καὶ
985 2497 1070 2594 ἄψιν
1091 2498 1183 2584 τήνδ’
1199 2505 1252 2570 ἐπὶ
1266 2499 1332 2569 παί-

326 2635 401 2692 σαις
420 2616 427 2698 Ι
445 2620 596 2694 ἕστασαν,
618 2617 694 2680 item
716 2612 917 2680 scribendum
940 2615 1094 2683 έστασαν.
1139 2616 1331 2703 imperfecto

326 2711 506 2793 nullus'hic
527 2710 619 2791 locus
642 2736 698 2791 est.

731 2875 928 2885 ...——-..—-

612 3035 805 3087 mosmos
823 3033 882 3086 rar.
896 3035 976 3101 xm,
996 3029 1039 3084 ιν.

433 3144 546 3238 Ἰφίων
568 3149 712 3238 ἔγραφεν
733 3149 774 3232 ἐᾷ
792 3149 880 3235 χερί,
903 3142 963 3215 τὸν
985 3143 1073 3213 πόκα
1095 3142 1181 3235 ὕδωρ

434 3261 547 3350 θρέψε
569 3254 738 3348 Πειρήνης
760 3253 837 3325 ἄπο.

325 3400 431 3463 Versu
465 3398 567 3483 primo
596 3394 767 3460 Jacobsius
801 3403 906 3460 tentat
929 3392 1045 3485 Ἰφίων
1079 3392 1149 3463 τόδ’
1175 3397 1329 3487 ἔγραφεν.

326 3509 407 3575 Tale
429 3507 506 3595 quid
528 3510 556 3572 si
577 3510 790 3572 necessarium
813 3518 875 3586 cst,
904 3506 989 3573 haud
1011 3509 1109 3595 paulo
1132 3507 1330 3596 probabilius

324 3620 444 3688 scribas
469 3615 583 3710 Ἰφίων
604 3616 639 3704 μ’
658 3620 818 3708 ἔγραφεν,
846 3618 1110 3704 quemadmodum
1138 3630 1187 3685 est
1214 3623 1248 3686 in
1274 3643 1330 3685 an-

325 3737 414 3821 tiqua
446 3729 503 3797 illa
537 3733 745 3818 inscriptione
786 3730 872 3817 apud
906 3731 1027 3797 Herod.
1050 3734 1098 3812 V,
1125 3734 1168 3798 59
1205 3728 1330 3820 Ἀμφι·

323 3841 430 3931 τρύων
451 3839 487 3929 μ’
505 3839 672 3924 ἀνέθηκεν
693 3837 754 3907 ἐὼν
777 3842 853 3931 (leg.
876 3836 958 3909 ἑλών
978 3843 1032 3909 vel
1054 3845 1150 3930 ἔχων)
1172 3837 1239 3908 ἀπὸ
1262 3845 1329 3923 Τη-

323 3949 488 4042 λεβοάων,
516 3966 550 4021 et
576 3958 611 4021 in
633 3953 704 4019 aliis
733 3952 833 4020 titulis
861 3955 1036 4042 permultis.
1092 3957 1219 4021 Hiatum
1240 3947 1331 4019 πόκα

323 4063 410 4158 ὕδωρ
432 4067 541 4134 forsan
563 4069 680 4133 tuearis
702 4065 849 4152 exemplo
871 4069 985 4132 incerti
1007 4075 1125 4153 poetae
1153 4067 1243 4136 Anth.
1261 4065 1328 4131 Pal.
