3016 4808
471 457 659 506 ΑΛΚΑΙΟΥ
679 457 931 506 ΜΕΣΣΗΝῙΟΥ
1169 455 1205 509 7⁵
1292 508 1296 512 ,

658 639 744 704 XIV.

202 747 336 834 Πίομαι
358 736 385 812 ὦ
405 750 538 829 Ληναῖσ
559 742 644 816 πολύ
664 751 765 834 πλέον
786 744 808 830 ἢ
830 751 884 817 πλε
906 744 1055 838 Κύκλωψ

242 851 345 940 νηδύν
368 856 559 950 άνδρομέων
578 855 788 947 πλησάμένος
808 856 953 949 κρεάων·

199 971 328 1056 πίομαι.
351 966 395 1048 ὡς
416 963 539 1062 όφελόν
560 993 597 1054 γε
618 973 676 1037 καὶ
697 973 837 1059 έγκαρον
858 973 985 1061 ἐχθροῦ
1007 968 1134 1063 ἀράξας

242 1080 372 1169 βρέγμα
397 1079 740 1163 Φιλιππείηςέξέπιον
761 1083 917 1175 κεφαλῆς,
1263 1081 1268 1090 ’

200 1186 302 1279 ὅσπερ
324 1193 497 1279 όταιρείοιο
520 1187 612 1282 παρά
632 1195 770 1283 κρητῆρι
790 1189 911 1288 φόνοιο

242 1295 375 1388 γεύσατ’
400 1308 436 1370 έν
458 1299 589 1394 άκρήτῳ
611 1299 774 1396 φάρμακα
792 1301 982 1393 χευάμενος.

667 1452 739 1516 XV.

204 1554 302 1638 Οἶνος
323 1561 379 1628 καὶ
399 1561 607 1648 Κένταυρον,
625 1557 829 1650 Ἐπίκρατος,
852 1560 926 1650 οόχέ
947 1586 984 1631 σε
1004 1567 1130 1654 μοῦνον

244 1665 363 1739 άλέσεν
384 1667 437 1752 ἠδ’
464 1665 585 1759 ἐρατὴν
606 1672 759 1740 Καλλίου
780 1671 918 1756 ἡλικίην.

200 1774 305 1860 όντως
325 1777 506 1871 ολνογάρων
528 1780 547 1849 ὁ
569 1779 799 1870 μονόμματος,
821 1777 849 1870 ᾦ
870 1780 912 1852 σύ
932 1782 1071 1873 τάχιστα

244 1887 306 1973 τὴν
327 1887 432 1974 αι’πῆν
451 1897 601 1983 πέμψαις
624 1892 660 1975 έξ
677 1892 795 1963 Ἀΐδεω
816 1891 990 1984 πρόποσιν.

657 2043 745 2108 XVI.

195 2143 319 2237 ’Ἁγαγι
340 2152 398 2220 καὶ
419 2141 542 2240 Ξέρξης
562 2153 702 2241 Πέρσαν
725 2148 868 2238 στρατόν
885 2148 1043 2232 Ἑλλάδος
1062 2159 1096 2233 ές
1116 2154 1190 2240 γάν,

245 2264 301 2329 καὶ
328 2264 426 2340 Τίτος
448 2259 574 2352 εὐρείας
595 2257 688 2350 άγαγ)
714 2259 768 2329 ἀπ’
790 2261 944 2342 Ἰταλίας.

201 2370 269 2439 ἀλλ’
296 2371 315 2439 ὁ
336 2375 398 2461 μὲν
418 2370 564 2463 Εὐρώπα
586 2375 707 2440 δοῦλον
729 2368 827 2460 ζυγόν
848 2372 961 2463 αὐχένι
980 2369 1102 2457 θήσων

245 2474 367 2566 ἦλθον,
390 2481 408 2552 ὁ
432 2483 461 2551 δ’
489 2480 672 2571 άμπαύσων
689 2481 833 2553 Ἑλλάδα
855 2484 1066 2566 δουλοσύνας.

652 2631 756 2699 XVII.

201 2742 371 2830 Λοκρίδος
391 2747 428 2810 έν
448 2746 541 2830 νέμεϊ
566 2743 684 2834 σκιερῷ
704 2747 799 2812 νέκυν
816 2738 989 2812 Ἡσιόδοιο

246 2848 390 2946 Νύμφαι
410 2856 571 2942 κρηνίδων
592 2855 719 2923 λοῦσαν
740 2849 807 2922 άπὸ
830 2859 1004 2949 σφετέρων,

201 2965 259 3032 καὶ
279 2960 392 3056 τάφον
412 2960 606 3056 ύψόσαντο·
628 2961 767 3053 γάλακτι
788 2967 823 3033 δὲ
844 2969 996 3053 ποιμένες
1017 2966 1120 3052 αὶγάν

246 3078 389 3165 έρραναν
409 3075 531 3163 ξανθῷ
550 3074 725 3165 μιξάμενοι
746 3080 860 3166 μέλιτι.

202 3189 297 3272 τοίην
317 3183 382 3279 γάρ
403 3191 460 3256 καὶ
480 3192 585 3279 γῆρυν
606 3187 778 3269 άπέπνεεν,
802 3194 897 3256 έννέα
919 3193 1083 3258 Μουσέων

246 3296 266 3366 ὁ
287 3302 430 3390 πρέσβος
449 3303 613 3391 καθαρῶν
633 3295 833 3387 γευσάμενος
853 3297 1007 3384 λιβάδων.

645 3451 763 3516 XVIII.

207 3557 289 3627 θύδέ
309 3554 430 3628 θανόν
453 3558 472 3627 ὁ
494 3562 638 3650 πρέσβυς
659 3562 703 3647 έῷ
723 3565 913 3652 έπιτέτροφε
934 3557 1047 3650 τύμβῳ

246 3667 369 3761 βότρυν
389 3669 443 3739 ἀπ’
470 3668 634 3754 ολνάνδης
654 3669 793 3762 ἥμερον,
816 3668 902 3739 άλλά
922 3670 1038 3758 βάτον,

272 3899 344 3959 xlv.
367 3899 423 3958 ου.
439 3901 493 3970 1x‚
511 3904 570 3960 σω.
591 3933 625 3944 -
647 3858 711 3958 xv.¹
732 3898 788 3957 νο.
805 3901 853 3969 x1‚
872 3904 918 3956 12.
939 3934 969 3944 -
983 3899 1067 3974 ¹xv1.
1085 3899 1159 3957 οι...
1177 3905 1203 3957 ⁵.

204 4017 237 4030 -
255 3985 341 4044 XVII.
358 3985 415 4044 Pal.
428 3987 487 4057 VII,
505 3992 548 4046 55.
566 3987 643 4048 Vs]
662 3987 723 4044 fort.
742 3995 767 4044 ἓν
778 3992 880 4062 Νιμέης
893 3992 952 4062 ἱερῷ
969 3985 1048 4044 Vm
1064 3986 1203 4064 κρηνιάδων

205 4103 234 4114 -·
254 4071 351 4131 XVIII.
370 4071 425 4130 Pal.
438 4073 502 4142 VH,
521 4077 581 4132 536.
