3016 4808
741 475 959 526 mmm

389 622 447 688 καὶ
467 621 518 700 τίς
538 615 597 706 115,-
618 655 662 674 -
690 618 889 710 Τιμόδημθς·
911 659 957 671 -
978 619 1046 689 ἀλλ’
1072 617 1135 710 ἐμοὶ
1156 619 1262 714 Κρής.
1285 663 1329 680 ..

390 725 453 817 ίγιίι
474 732 510 799 δὲ
530 729 702 822 Κρηθεύς.
723 771 768 784 -
790 731 859 800 ἀλλ’
884 727 948 820 ίγολ
969 734 1118 816 Διοκλῆς.
1140 773 1184 784 -

390 845 448 910 καὶ
467 845 518 921 τίς
537 839 648 934 πατήρ
669 868 741 930 τοις
761 883 806 895 -
831 845 971 923 Κλεῒνις.
998 839 1049 927 *ἢ
1071 841 1174 935 ὅσπερ
1196 840 1311 933 ἄμμιν.

390 954 477 1040 ίμιιη
498 954 534 1021 δὲ
554 957 661 1049 νικῇςς
676 994 718 1008 -
736 952 892 1043 Ἰσθμόν.
908 994 950 1008 -
971 950 1022 1038 *ἢ
1043 951 1085 1023 τύ
1106 954 1137 1024 δ’
1156 959 1260 1046 ἔμπης
1285 996 1326 1010 -

391 1068 534 1151 Νέμειον
555 1063 599 1134 ιἰν
619 1067 762 1155 λειμῶνα
782 1071 840 1135 καὶ
859 1065 934 1157 παρ’
954 1062 1059 1157 Ἦρα.

811 1213 881 1280 *IL

397 1320 496 1390 Τοῦτ’
521 1317 584 1409 ἐμοὶ
604 1319 645 1391 τό
666 1319 824 1415 περισσόν
846 1319 1017 1411 εἰκόνισμα

391 1435 452 1501 τοῦ
471 1436 749 1521 κωμῳδογίλωτος
770 1443 815 1514 τίς
835 1436 1017 1528 θρίαμβον

392 1545 496 1630 κισσῷ
517 1547 574 1612 καὶ
595 1543 810 1640 στεφάνοισιν
832 1544 1055 1635 άμποκασθέν

392 1654 511 1738 fiatad,
533 1649 626 1749 όφρα
646 1654 785 1726 Λύκωνι
806 1656 880 1745 σᾶμ’
907 1659 1009 1740 ἐπείη.

391 1763 507 1835 *ὅσσα
526 1761 592 1856 γάρ
614 1765 813 1857 καθύπερθε
835 1763 988 1858 λαμπρός
1009 1765 1104 1857 άνήρ,

391 1880 509 1966 μνάμα
530 1883 590 1946 τοῦ
607 1883 781 1968 χαρίεντος
802 1883 838 1948 ίν
858 1903 893 1946 τε
916 1881 1018 1967 λίσχᾳ

392 1992 428 2058 ίν
448 1987 479 2057 τ’
505 1988 584 2077 οίνῳ
605 1987 682 2059 τόδε
703 1994 761 2057 καί
781 2015 813 2057 τι
834 2000 906 2068 τοῖς
927 1992 1037 2057 ύιειτα
1168 2055 1170 2058 .

393 2096 541 2190 ἄγκειται
560 2099 771 2191 παράδειγμα
791 2103 853 2181 τοῖς
875 2098 1021 2179 ὀπωπάς.

828 2249 884 2315 ΠΙ.

348 2355 527 2447 Στρεπτόν
546 2360 755 2448 βασσαρικοῦ
774 2355 904 2448 ῥόμβον
926 2354 1065 2426 θιάσοιο
1086 2353 1207 2446 μύωπα

392 2475 449 2539 καὶ
471 2467 589 2549 σκύλος
611 2467 800 2563 άμφιὸόρον
822 2464 953 2538 στικτὸν
974 2468 1136 2557 άχαιίνεω,

350 2586 408 2651 καὶ
428 2583 669 2672 κοροβαντείων
690 2578 859 2668 ίαχήματα
877 2578 1003 2669 χάλκεα
1025 2577 1179 2671 ῥόπτρων

392 2697 449 2762 καὶ
471 2693 602 2783 θύρσον
620 2686 761 2782 χλοερόν
781 2689 978 2785 κωνοφόρον
997 2689 1142 2780 κάμακα,

351 2811 408 2874 καὶ
430 2802 569 2896 κούφοιο
590 2798 699 2893 βαρύν
720 2800 866 2872 τνπάνον
887 2801 1032 2891 βρόμον,
1053 2804 1111 2887 ἠδὲ
1132 2806 1291 2899 φορηθέν

393 2913 534 2984 πολλάκι
554 2917 747 3005 μιτροδέτον
768 2917 880 2982 λίκνον
902 2911 1029 3006 ὕπερθε
1051 2913 1156 3004 κόμης

350 3025 497 3109 Εὐάνθη
518 3024 657 3114 Βάκχῳ,
679 3023 740 3109 τὴν
763 3027 921 3114 ἕντρομον
943 3024 1042 3094 άνίκα
1061 3024 1204 3126 θύρσοις

393 3133 541 3226 ἄτρομον
564 3145 609 3216 είς
628 3135 806 3226 προπόσεις
826 3145 922 3226 χεῖρα
942 3143 1182 3232 μετημφίασεν.

822 3280 880 3345 IV.

354 3394 460 3479 Φεῠγε
480 3387 658 3459 θαλάσσια
680 3393 775 3479 ἔργα,
796 3388 940 3476 βοῶνθ’
966 3386 1141 3476 ἐπιβάλλον
1161 3391 1281 3484 ἑχέτλῃ,

395 3502 425 3570 εί
443 3506 477 3570 τί
497 3527 550 3570 τοι
570 3496 634 3584 ἡδύ
654 3504 783 3591 μακρῆς
803 3499 932 3589 πείρατ’
959 3503 1040 3568 ἰδεῖν
1060 3502 1190 3586 βιοτῆς·

350 3612 474 3704 ἠπείρῳ
495 3608 560 3702 γάρ
583 3615 688 3680 ἔνεστι
709 3607 836 3702 μακρός
856 3614 946 3698 βίος,
969 3618 1016 3679 εὶν
1038 3610 1096 3680 άλὶ
1117 3611 1147 3679 δ’
1174 3607 1214 3680 ού
1234 3636 1304 3690 πως

393 3724 532 3813 εὐμαρὲς
553 3730 599 3802 είς
619 3718 739 3805 πολιὴν
760 3719 883 3812 ἀνδρὸς
904 3726 986 3791 ἰδεῖν
1007 3719 1166 3816 κεφαλήν.

295 3974 297 3978 .
419 3925 498 3983 Vs.5
520 3929 617 3989 κλεινὸς
640 3928 724 4001 ὥσπερ
747 3926 827 4001 ι’·μμιν
851 3923 930 3983 Vs.6
951 3933 1022 3999 νίκης
1039 3937 1067 3982 et
1084 3924 1102 4003 ᾖ
1124 3923 1173 3984 Vs.
1186 3927 1203 3980 7
1216 3925 1304 3999 Ἦραν
1322 3957 1357 3968 -

350 4012 382 4069 ll.
400 4010 456 4069 Pal.
468 4011 543 4080 XIII,
562 4014 587 4068 6.
606 4010 655 4068 Vs.
668 4014 686 4066 4
703 4010 764 4069 fort.
777 4010 873 4080 ἕστακ’,
890 4008 938 4068 Vs.
951 4016 968 4070 'I
980 4011 1041 4070 κᾶτι
1054 4046 1086 4058 -
1105 4011 1149 4070 ΙΙΙ.
1167 4009 1223 4069 Pal.
1235 4009 1283 4080 Π,
1296 4013 1357 4069 165.

351 4131 384 4142 -·
402 4096 448 4157 IV.
468 4096 522 4155 Pal
537 4097 602 4167 Vll,
620 4100 681 4155 65⁰.
