3028 4826
512 470 830 532 courncrnunr
1119 472 1174 559 mo

172 639 205 691 et
225 621 415 712 ἀνατρέχειν
437 623 585 690 dicuntru
610 624 737 712 plantae
760 620 964 712 pullulantes.
1015 621 1172 686 Homerus
1232 689 1235 698 ,

172 734 190 801 ὁ
215 732 245 801 δ’
264 731 447 822 ἀνέδραμεν
468 737 554 824 έρνεϊ
574 733 654 813 ἶσος.
698 737 801 800 Poeta
822 735 964 798 incertus
987 730 1072 818 apud
1094 732 1173 818 Ety-

171 845 246 914 mol.
268 871 300 933 p.
323 848 402 926 506,
424 848 446 912 5
473 840 519 911 τό
540 870 598 932 μοι
619 843 852 934 ἀναδραμέτην
872 838 930 908 ἅτε
952 842 1101 930 κερκίδες.

577 1001 595 1006 -
604 997 771 1005 ...—-..—-—

501 1128 641 1181 scauro
659 1127 718 1179 ru.
732 1127 799 1194 uu,
817 1122 845 1178 8.

215 1241 320 1309 Εἶδον
341 1237 403 1328 tyci
424 1263 500 1307 τινα
520 1241 626 1307 παῖδα
651 1237 970 1306 locutioni-oxorinco
991 1234 1159 1328 κόρυμβον

260 1347 578 1442 ἀντιπαρερχόμενος
599 1345 641 1415 τοὶ
664 1344 943 1441 στεφανηπλόκια,

216 1461 286 1530 οὐδ’
306 1457 436 1550 ότροττα
458 1462 650 1550 παρῆλθον,
671 1453 805 1537 ἐπιστὰς
826 1456 856 1526 δ’
875 1454 998 1546 ἥσυχον
1020 1457 1108 1544 mirri

259 1574 363 1665 φημί,
384 1567 492 1639 πόσου
512 1573 630 1650 πωλεῖς
650 1564 711 1638 τόν
732 1566 794 1638 σόν
814 1570 889 1657 έμοὶ
912 1574 1095 1663 στέφανον;

171 1714 249 1778 Non
271 1710 369 1777 credo
397 1709 558 1776 hocloco
581 1712 799 1796 incorruptum
826 1708 1005 1796 essequod
1028 1709 1172 1775 secundo

171 1844 268 1888 versu
282 1821 401 1911 legitur
414 1816 740 1910 ἀντιπαρερχόμενος,
762 1823 797 1886 in
816 1841 880 1908 quo
895 1822 1075 1909 composito
1092 1843 1172 1906 quae

170 1937 221 1998 vis
242 1936 282 1999 sit
302 1935 550 2021 praepositionis
573 1930 649 1998 ἀντί
670 1952 738 1998 non
759 1931 917 2022 intelligo.
962 1931 1173 1998 scribendum

172 2037 247 2132 όρττ
268 2039 519 2132 παρερχόμενος.
568 2045 696 2124 Hiatus,
722 2047 776 2130 qui
797 2046 932 2130 primum
952 2065 1078 2110 versum
1102 2063 1172 2109 cor-

170 2159 296 2243 rumpit,
318 2154 474 2220 Jacobsio
496 2156 541 2219 ita
563 2153 636 2219 tolli
658 2176 756 2243 posse
778 2157 866 2220 visus
888 2163 937 2220 est
958 2164 995 2220 ut
1015 2154 1173 2220 scribatur

2 2287 6 2303 ¹
78 2335 82 2352 ι
171 2262 276 2333 παῖδά
297 2262 371 2332 ποτ’
393 2262 681 2332 ἀνθοπλοκοῦντα.
711 2267 841 2331 Vereor
861 2275 897 2331 ut
916 2275 1014 2332 recte.
1047 2266 1171 2331 Forsan

171 2379 297 2463 scripsit
326 2386 422 2463 poeta
450 2373 543 2442 παῖδ’
563 2377 904 2458 έπανηθοπλοκοῦεσα
928 2372 1109 2464 κόρυμβον,
1137 2388 1173 2441 ut

171 2510 252 2575 puer
280 2488 396 2553 anetho
424 2508 582 2553 racemum
610 2490 748 2553 iunxisse
777 2486 908 2553 dicamr.
964 2488 1018 2553 De
1046 2487 1171 2566 anetho,

173 2622 237 2685 quo
259 2608 385 2664 veteres
408 2598 448 2664 ad
470 2579 644 2664 nectendas
670 2619 807 2666 coronas
828 2599 1082 2688 frequentissime
1103 2609 1172 2664 ute-

171 2711 301 2789 bantur,
322 2732 375 2776 res
397 2720 446 2777 est
467 2711 642 2776 notissima.

479 2989 672 3043 Auouuuos
689 2989 749 3042 ru.
760 2992 800 3058 v,
818 2987 863 3042 aa.

214 3093 299 3162 Εἶθ’
314 3090 434 3182 όένεμος
447 3088 600 3181 γενόμην,
622 3088 663 3162 σὺ
679 3095 713 3162 δὲ
730 3088 771 3176 δὴ
786 3096 959 3181 στείχουσα
972 3093 1051 3185 παρ’
1067 3091 1172 3180 αὐγάς

259 3201 392 3288 στήθεα
412 3200 598 3293 χυμνεόσαις
618 3207 675 3272 καὶ
694 3229 736 3292 με
756 3210 900 3273 πνέοντα
921 3201 1046 3291 λάβοις.

171 3341 249 3406 Non
269 3341 350 3406 haec
370 3353 516 3430 suspecta
539 3341 638 3408 fuisse
660 3341 809 3407 videntur
830 3343 960 3418 criticis;
982 3362 1044 3407 nec
1065 3351 1171 3408 tamen

170 3451 360 3541 intelligitur
387 3476 479 3540 quam
501 3455 565 3518 vim
593 3453 710 3519 habeat
733 3452 814 3520 illud
835 3449 914 3541 παρ’
935 3448 1053 3538 αὐγάς,
1082 3452 1171 3539 quod

171 3568 231 3629 etsi
259 3564 396 3630 fortasse
417 3568 462 3630 ita
484 3564 632 3652 explicari
653 3574 776 3652 potest,
803 3575 839 3631 ut
866 3563 976 3652 puella
1001 3567 1035 3629 iu
1057 3563 1172 3630 lumi-

62 3701 64 3712 ·
170 3678 232 3741 nis
254 3697 371 3742 auras
393 3675 525 3763 prodire
546 3674 700 3756 iubeatru,
724 3677 788 3743 hoc
807 3680 911 3764 ipsum
932 3686 1038 3742 nmen
1059 3698 1171 3762 parum

172 3786 339 3855 commode
373 3787 436 3853 dici
462 3787 597 3853 videtru.
653 3788 861 3854 Scribendum
896 3790 995 3878 igitur
1024 3790 1172 3876 suspicor

170 3895 250 3986 παρ’
275 3894 392 3979 ἀκτάς,
425 3902 459 3964 in
485 3898 596 3965 littore
623 3902 718 3964 maris
747 3898 953 3998 obambulans
983 3910 1016 3965 et
1042 3898 1171 3989 frigoris

171 4010 319 4097 captandi
340 4015 443 4100 gratia
464 4014 567 4078 sinum
590 4033 686 4078 aurae
708 4010 911 4100 recipiendae
933 4010 1110 4080 denudans.
