3028 4826
348 466 401 522 ros
547 465 550 470 ’
690 431 1009 525 commorimur.

347 613 448 682 rabat.
492 617 558 684 Sed
579 616 662 682 male
685 619 811 706 scripsit
837 611 986 708 Θεόφιλε.
1031 615 1220 706 Legendum
1241 621 1353 704 potius

351 729 442 795 Θέων
464 730 549 820 φίλε.
588 729 752 794 Thoonem
776 739 881 795 autem
904 728 981 793 dicit
1000 727 1239 794 celeberrimum
1261 729 1353 794 illum

347 851 541 930 geometram
565 849 598 905 et
618 840 844 927 philosophum
861 839 1119 920 Alexandrinum,
1142 844 1230 907 cuius
1252 842 1353 908 filiam

345 951 525 1038 Hypatiam,
546 952 775 1017 nobilissimam
790 962 822 1018 et
845 952 1087 1017 eruditissimam
1102 951 1259 1032 feminam,
1279 955 1353 1019 Pal-

345 1062 435 1128 ladas
451 1062 605 1130 'eelebrat
625 1067 659 1129 in
680 1068 843 1151 poematio
866 1063 963 1128 Anth.
988 1061 1056 1128 Pal.
1079 1063 1138 1142 IX,
1160 1067 1234 1130 400.
1280 1064 1352 1132 Clr.

345 1176 531 1240 Damasoius
547 1175 632 1263 apud
647 1176 776 1241 Suidam
791 1199 817 1240 s,
833 1198 862 1241 v.
882 1171 1034 1254 Ὑπατέα,
1058 1185 1089 1240 et
1106 1176 1138 1241 J.
1156 1174 1195 1242 C.
1211 1179 1354 1244 Werns-

346 1286 444 1350 dorfii
472 1285 652 1381 Comment.
682 1287 728 1353 de
756 1289 937 1374 Hypatio
965 1285 1214 1374 philosopha
1243 1290 1352 1355 Alex.

345 1397 545 1488 Witteberg.
581 1401 666 1465 1747
690 1422 734 1486 sq.
786 1398 935 1464 Eiusdem
964 1399 1058 1463 huius
1089 1399 1232 1465 Theonis
1262 1402 1353 1488 quod

241 1557 244 1572 s
345 1508 465 1601 legitur
488 1505 679 1598 epigramma
700 1511 797 1576 Anth.
820 1507 887 1575 Pal.
910 1509 1091 1588 v11,2992

386 1617 575 1701 Ἀλκυόσιν,
597 1616 744 1702 Λήναιε,
765 1623 872 1707 μέλεις
892 1615 995 1707 τάχα·
1020 1617 1119 1712 κυφά
1141 1623 1175 1688 δέ
1195 1617 1305 1708 μήτηρ

432 1728 555 1821 μύρεο’
579 1730 660 1821 ὑπὲρ
682 1740 832 1821 κρυεροῖο
853 1735 1022 1820 μυρομένη
1045 1753 1081 1798 σε
1102 1727 1221 1816 τάφον,

346 1846 414 1908 eius
442 1843 577 1910 alterum
599 1867 725 1910 versum
754 1843 793 1908 ab
818 1843 887 1909 aliis
910 1842 1003 1909 aliter
1023 1852 1178 1910 tentatum
1205 1844 1352 1931 equidem
1463 1919 1467 1924 ,

345 1959 389 2020 ita
416 1955 609 2021 refluxerim:
642 1950 764 2044 μύρεθ’
798 1951 877 2042 ὑπὲρ
905 1963 1054 2043 κρυεροῖο
1086 1961 1285 2045 μινυρομένη
1300 1977 1352 2024 -σε

345 2090 477 2157 ταφοιο.

744 2158 947 2169 ——Q

529 2291 673 2345 mancus
690 2293 939 2345 anonomastos
957 2293 1083 2361 ru.v1,
1100 2291 1163 2345 noi.

389 2393 559 2465 Σάνδαλα
579 2400 636 2465 καὶ
656 2398 777 2484 μίτρην
797 2399 994 2487 περικαλλέα
1016 2393 1076 2464 τόν
1097 2421 1133 2464 τε
1146 2395 1338 2488 μυρόπνουν

431 2506 616 2598 βόστρυχον
638 2506 768 2596 ὡραίων
791 2499 891 2575 οὖλον
913 2503 981 2574 ἀπὸ
1003 2506 1191 2601 πλοκάμων,

388 2622 445 2686 καὶ
466 2617 571 2702 ζώνην
592 2622 649 2686 καὶ
670 2613 790 2686 λεπτὸν
810 2617 979 2705 ὑπένδυμα
1000 2622 1098 2687 τοῦτο
1117 2623 1263 2707 χιτῶνος,

433 2734 489 2799 καὶ
510 2725 553 2797 τά
575 2733 650 2820 περὶ
672 2734 818 2818 στέρνοις
840 2725 951 2815 ἀγλαά
972 2728 1169 2828 μαστόδετα,

388 2837 588 2929 0άμβροτον
609 2836 760 2919 εὐώδινος
781 2842 850 2907 ἐπεὶ
873 2835 956 2932 φύγε
977 2839 1098 2924 νηδύος
1119 2838 1219 2930 ὐχκον

432 2949 626 3046 0εὐφράντη
647 2955 717 3038 νηῷ
738 2953 846 3032 θῆκεν
870 2949 925 3018 ὐπ’
948 2949 1149 3041 Ἀρτέμιδος.

345 3077 465 3141 Merito
489 3077 590 3141 critici
612 3097 731 3140 nomen
753 3097 931 3162 puerperae
955 3076 1146 3143 desiderant.
1181 3078 1246 3144 Sed
1267 3080 1351 3145 male

344 3186 525 3252 Brunokius
541 3189 732 3253 coniectavit
747 3179 931 3272 ’Ἀμβροσις
953 3192 1027 3270 (sie)
1042 3185 1192 3268 εὐώδινος
1208 3201 1240 3256 et
1254 3215 1351 3258 vorsu

345 3301 492 3385 sequenti
513 3295 744 3390 εὐφρανθεῖσα
758 3299 830 3382 νεῷ.
864 3299 935 3362 Νεο
956 3299 1081 3365 felicior
1097 3301 1157 3367 fuit
1170 3302 1351 3383 Jacobsius,

345 3413 399 3497 qui
432 3412 597 3497 scripsisse
632 3419 761 3497 poetam
796 3411 926 3474 coniicit
957 3407 1144 3497 ’Λμβροσέη
1169 3409 1200 3493 ’ξ
1233 3409 1350 3492 ὠδῖνος

346 3521 414 3586 ἐπεὶ
436 3516 519 3611 φύγε
541 3514 661 3601 νηδύος
682 3513 782 3605 ὐχκον
804 3515 966 3610 εὐφανέος
987 3526 1057 3608 νηῷ
1079 3534 1138 3590 etc.
1178 3523 1351 3591 Habebant

345 3642 418 3698 ante
442 3631 555 3698 oculos
582 3631 670 3718 quod
693 3632 900 3718 quaerebant:

389 3737 560 3829 άμβροτον
582 3738 733 3821 εὐώδινος
755 3746 824 3810 ἐπεὶ
846 3739 930 3835 φύγε
951 3741 1072 3827 νηδύος
1093 3739 1193 3834 ὐχκον

433 3849 614 3944 Εὐφράντη
637 3855 706 3940 νηῷ
727 3856 836 3936 θῆκεν
856 3850 911 3922 ὐπ’
934 3852 1109 3946 Ἀρτέμιδι.

345 3965 446 4032 Cuius
469 3968 607 4032 nominis
629 3967 807 4055 exemplum
827 3968 978 4034 habemus
1001 3969 1087 4055 apud
1110 3970 1245 4036 eundem
1263 3972 1350 4035 Mar-

346 4098 415 4142 cum
443 4077 539 4143 Anth.
566 4073 632 4144 Pal.
657 4082 698 4159 V,
722 4083 794 4145 110.
839 4081 955 4166 Neque
985 4081 1096 4147 dubito
1126 4077 1203 4170 quin
1232 4080 1266 4146 id
1288 4083 1349 4167 ipsi
