3026 4816
439 469 698 529 Annorlrlo
721 469 906 528 eutrici.
1138 474 1171 529 91

261 625 285 689 1.
319 624 486 690 Sententia
508 626 652 687 carminis
675 625 843 710 perspicua
864 626 1002 710 satisque
1019 621 1174 710 explicata

174 735 373 802 aJacobsio.
406 736 544 800 Primum
567 734 726 799 distichon
748 755 807 821 per
823 737 1108 822 interrogationem
1130 735 1174 800 ef-

173 847 341 913 ferendum
363 867 434 914 csse
455 848 575 932 primus
598 845 679 911 vidit
687 848 871 911 Wartonus
893 845 934 910 ad
948 847 1088 922 Theocn
1107 844 1172 911 vol.

174 959 212 1038 ΙΙ,
234 983 266 1046 p.
287 963 357 1024 llll.
394 959 489 1023 Vs.3
511 964 626 1042 μεῖνον
651 980 721 1023 cum
735 958 894 1024 infinitivo
916 962 1078 1023 ἐπιπεσεῖν
1099 977 1175 1022 cou-

174 1072 282 1150 iunxit,
303 1079 340 1135 ut
360 1072 422 1134 iam
436 1070 595 1134 Homerus
617 1068 693 1134 fecit
712 1073 746 1133 in
767 1068 825 1134 illo
839 1079 953 1155 μεῖνον
968 1065 998 1134 δ’
1014 1070 1067 1133 ἐπὶ
1082 1073 1175 1134 έσπε-

174 1202 235 1270 ρον
256 1182 381 1248 έλθεῖν.
431 1179 498 1245 Sed
525 1173 590 1245 ὑπὸ
617 1175 678 1246 τὸν
698 1179 836 1268 intelligi
863 1181 973 1265 nequit
994 1182 1058 1244 nisi
1080 1182 1175 1245 corri-

174 1313 233 1380 gas
247 1285 311 1357 ὑπὸ
324 1292 385 1371 τίν,
399 1292 463 1356 hoc
477 1290 649 1356 verborum
664 1290 792 1357 ordine:
812 1300 926 1377 μεῖνον
940 1285 1059 1375 χλνκύν
1071 1285 1176 1356 ὕπνον

162 1395 238 1476 ,ὑπὸ
267 1404 323 1468 σοὶ
343 1406 507 1468 ἐπιπεσεῖν
525 1399 732 1469 Ἀντιλέοντι.
783 1403 977 1469 Antileontis
1002 1424 1121 1467 nomen
1142 1405 1176 1466 in

175 1512 291 1579 fabulis
313 1513 507 1579 celebratum
528 1513 790 1599 (Apollodorssll,
811 1517 840 1593 7,
854 1515 886 1579 8.
921 1514 1068 1578 Parthen.
1084 1515 1175 1579 Erot.
1285 1513 1287 1522 ‘

177 1627 211 1706 7)
234 1628 268 1690 in
289 1628 375 1690 vitae
398 1627 571 1689 communis
594 1648 684 1691 usum
699 1625 815 1691 abiisse
831 1624 926 1691 docet
950 1628 1044 1690 ctiam
1066 1623 1176 1691 titulus

176 1735 263 1823 apud
285 1736 427 1802 Boeckh.
450 1737 490 1816 11,
511 1760 543 1823 p.
560 1739 633 1817 711,
654 1759 685 1802 n.
712 1739 804 1817 1542,
825 1739 856 1802 9.
897 1737 992 1802 Vsl
1015 1736 1086 1802 cod.
1108 1736 1175 1802 Pal.
1217 1807 1222 1816 ‚

176 1848 296 1913 έστοτε.
348 1845 499 1913 Correxit
519 1846 705 1927 Salmasius,
732 1847 796 1913 hoc
824 1870 921 1913 sensu
945 1857 982 1912 ut
1002 1851 1075 1913 vitis
1098 1869 1178 1913 non-

176 1980 336 2044 nunquam
364 1958 507 2045 pulchris
535 1960 641 2023 omnia
663 1958 842 2024 concedere
867 1958 999 2024 dicatum
1050 1958 1177 2044 Quibus

176 2068 304 2156 Ampeli
326 2069 498 2134 etBacchi
527 2091 651 2135 amores
674 2092 692 2134 a
713 2071 836 2135 Nonno
860 2068 1040 2135 celebratos
1061 2073 1179 2157 respici

178 2180 312 2268 putabat
330 2182 536 2270 Boettigerus
559 2181 645 2267 apud
661 2181 855 2246 Jacobsium.
893 2180 994 2265 Quae·
1009 2203 1104 2266 quum
1125 2204 1179 2267 pa-

177 2315 247 2358 rum
275 2292 451 2380 probabilis
479 2296 521 2358 sit
542 2295 776 2379 interpretatio,
805 2293 915 2356 nescio
940 2313 981 2356 an
1003 2300 1089 2356 recte
1111 2290 1180 2356 Sal·

178 2406 294 2469 masius
312 2399 524 2491 χαριζόμεθα
545 2406 706 2491 scripserit
728 2425 788 2491 pro
808 2401 1018 2491 χαριζομένα.

266 2517 306 2581 11.
342 2517 436 2580 Vm
458 2514 629 2580 Jacobsius
646 2509 778 2598 Λατώρι
799 2523 951 2600 sequutus
974 2513 1179 2600 Schaelcrum

179 2626 220 2692 ad
243 2625 350 2692 Schol.
374 2626 481 2713 Apoll.
504 2627 567 2692 Rh.
590 2650 621 2712 p.
644 2627 718 2692 335.
757 2627 849 2690 vel
874 2624 945 2690 cod.
967 2629 1180 2710 μαρναμένον

176 2743 319 2827 χρυσέαν
347 2734 406 2804 οὐκ
427 2733 571 2806 έκόνισσε
593 2741 697 2822 μένον.
748 2737 907 2823 Sequutus
935 2759 1004 2801 sum
1026 2736 1180 2800 Brunckii

180 2848 441 2928 emendationem,
463 2852 525 2914 nisi
547 2848 634 2934 quod
656 2851 683 2913 is
705 2843 877 2925 έκόνισσας
897 2845 969 2913 ἰ’τνν
991 2848 1124 2933 scripsit.

266 2960 322 3024 lll.
358 2960 453 3025 vul
476 2954 519 3025 άν
541 2960 647 3045 έκιχον
669 2963 782 3046 scripsi
796 2982 867 3025 cum
888 2958 1062 3025 Brunckio.
1095 2956 1179 3024 Cod.

180 3068 241 3149 αἶς.
287 3070 382 3137 Salm.
410 3062 451 3149 ἇς
473 3072 596 3156 έτνχον.
639 3071 811 3137 Jacobsius
840 3061 881 3148 ἇς
902 3072 1022 3157 έκιχον,
1050 3071 1181 3136 verbum

179 3180 344 3269 κιχχάνειν
372 3184 550 3273 analogiam
578 3182 750 3248 verborum
777 3177 961 3269 ενχχάνειν,
998 3177 1180 3267 λαγχάνειν,

180 3301 289 3383 κυρεῖν
323 3299 414 3381 sequi
448 3305 598 3361 statuens.
657 3294 757 3379 Quod
791 3316 901 3381 parum
937 3293 1090 3359 credibile
1126 3303 1180 3373 est,

181 3430 277 3493 quum
298 3401 463 3492 κιχχάνειν
483 3408 614 3493 propric
636 3405 720 3471 idem
746 3408 788 3470 sit
809 3405 897 3492 quod
918 3399 1049 3471 ἱκάνειν.

269 3521 326 3585 lV.
369 3519 464 3583 Vs.l
488 3539 548 3605 pro
577 3517 651 3608 τῇδε
681 3526 736 3582 aut
756 3518 835 3601 τᾷδε
859 3526 913 3582 aut
936 3517 1020 3584 τεῖδε
1042 3516 1182 3581 scribcn-
1287 3555 1291 3561 ,

182 3627 265 3694 dum.
307 3628 389 3695 lbid.
413 3628 578 3718 eleganter
599 3630 798 3694 Hermannus
821 3630 943 3716 Opusc.
965 3628 989 3707 Ι,
1010 3652 1042 3715 p.
1057 3631 1101 3694 93
1122 3622 1182 3694 κά-

181 3762 266 3824 μνον
288 3762 348 3827 pro
370 3737 488 3820 καλόν,
511 3739 598 3827 quod
620 3762 732 3826 parum
755 3739 906 3806 decorum
928 3741 1019 3805 fortis
1042 3742 1182 3826 pectoris

184 3852 347 3937 epitheton
372 3862 430 3918 est.
482 3851 566 3919 Cod.
590 3861 695 3916 tamen
717 3851 888 3918 lectionem
910 3861 1018 3917 tuetur
1038 3851 1183 3915 Homeri-

184 3984 253 4027 cum
275 3957 383 4051 πάρος
400 3959 488 4051 χρόα
502 3957 605 4029 καλὸν
619 3965 764 4029 ἱκέσθαι.
798 3966 892 4028 Vsu
914 3961 1075 4047 δεξαμένα
1092 3962 1182 4028 Plan.

186 4071 344 4159 δεξαμένη
366 4075 433 4140 Pal.
479 4078 536 4140 Vs.
558 4079 579 4141 6
609 4084 642 4139 et
669 4074 710 4139 ad
737 4077 924 4140 sententiam
952 4074 1054 4160 aptius
1082 4083 1115 4138 et
1142 4072 1183 4140 ad
