3028 4826
509 458 829 520 ΟΟΝΙΕΟΤΑΝΕΔ.
927 488 930 496 ·
1118 462 1175 518 239

169 618 271 696 τίδαι,
300 609 434 701 μάντεις
461 607 528 679 άττδ
550 608 699 698 Κρήτης,
724 609 888 693 Ἰταλίδης
916 607 957 677 de
985 609 1067 676 ltalo
1089 612 1173 676 Leo-

170 728 261 793 nidas
290 726 379 792 Alex.
409 725 503 790 Anth.
533 725 600 790 Pal.
629 727 687 805 lx,
710 727 774 791 314
805 720 985 808 εὐγενίταις
1012 718 1173 809 γνώριμος

167 836 352 914 Ἰταλίδαις.
388 838 476 903 Idem
498 837 696 903 reddendum
719 836 851 902 oraculo
875 835 962 922 apud
977 834 1171 900 Heraclitum

169 953 204 1014 in
225 951 265 1014 H.
289 948 396 1035 Steph.
420 950 517 1015 Poesi
538 949 618 1014 Phil.
641 972 672 1035 p.
691 951 753 1014 152
776 945 811 1027 ἐξ
827 943 937 1023 Ἰάδος
953 941 1063 1034 χώρης
1084 941 1172 1026 ἥξειν

171 1054 281 1151 σοφὸν
304 1057 494 1151 Ἰταλίησιν,
528 1070 561 1125 et
589 1059 786 1126 Callimacho
822 1058 908 1145 apud
936 1056 1043 1124 Schol.
1072 1058 1171 1123 Dion.

172 1173 242 1236 Per.
265 1173 330 1236 376
359 1172 503 1259 (Fragm.
527 1174 613 1254 448)
640 1171 738 1258 ίξοχα
766 1167 795 1236 δ’
815 1175 851 1237 ἐν
871 1151 996 1246 πεδίοις
1022 1169 1055 1236 οἳ
1075 1164 1173 1235 πόλιν

167 1279 302 1347 Ἰταλῶν
321 1282 325 1366 Ι
346 1278 494 1365 ᾠκίσατε.
545 1283 756 1349 Ruhnkenius
785 1286 820 1347 οἲ
844 1305 880 1366 γε
908 1276 1005 1347 πόλιν
1028 1278 1171 1348 Ἰταλῶν.

172 1395 270 1458 immo
294 1392 327 1458 οἳ
349 1389 446 1459 πόλιν
463 1391 640 1461 Ἰταλιδῶν.
685 1397 790 1481 Atque
813 1397 856 1457 ita
879 1391 1053 1458 Italidae
1077 1395 1171 1458 etiam

175 1507 314 1570 Avienus
336 1505 448 1570 Deser.
478 1506 520 1572 O.
544 1509 582 1571 T.
602 1508 667 1572 311
692 1516 723 1571 et
744 1503 947 1570 Pisatides
970 1525 1031 1590 pro
1053 1505 1170 1570 Pisano
1217 1486 1222 1496 ⁴

172 1619 313 1682 Naevius
337 1615 422 1702 apud
444 1618 573 1682 Festum
601 1642 632 1705 p.
657 1619 721 1683 198
749 1615 970 1681 Pisatidem
993 1616 1172 1703 appellet

173 1729 352 1794 Naevius
374 1729 682 1794 Pantaleontem
710 1751 727 1792 e
750 1729 854 1792 Pisis
877 1726 1087 1792 oriundum
1111 1737 1172 1816 ty-

173 1861 351 1918 ramum,
380 1862 462 1903 cum
491 1840 645 1928 alioqui
669 1840 763 1905 inde
781 1831 963 1926 'profecti
985 1861 1088 1904 nunc
1109 1840 1172 1904 Pi·
1293 1919 1295 1924 Ι

172 1954 259 2015 sani
289 1949 486 2017 dicantur.
536 1954 584 2018 lta
613 1955 695 2016 enim
723 1953 852 2038 corrigo
883 1950 999 2016 editum
1027 1950 1171 2017 Pisali-

172 2072 260 2140 tem,
282 2060 322 2125 de
345 2084 409 2147 quo
426 2064 501 2148 quid
517 2064 673 2130 Miillerus
690 2072 814 2142 statuat,
836 2084 988 2149 quaerere
1003 2085 1089 2128 nunc
1103 2085 1170 2128 non

170 2172 254 2238 licet.
288 2173 437 2259 Denique
451 2174 675 2262 Σταγειρίδης
693 2174 894 2240 scribendum
917 2195 978 2261 pro
993 2174 1172 2261 Σταγειρί-

170 2307 230 2364 της
257 2287 290 2348 in
314 2286 538 2373 epigrammate
565 2286 651 2374 apud
671 2285 856 2351 Jacobsium
878 2286 962 2373 App.
985 2284 1080 2351 Anth.
1103 2285 1170 2350 Pal.

171 2397 237 2461 302
260 2391 402 2479 σμικρός,
425 2395 605 2488 φαλακρός,
630 2391 770 2487 τραυλὸς
793 2394 810 2463 ὁ
832 2396 1063 2483 Σταγειρίτης.
1099 2398 1172 2462 Nisi

171 2508 198 2570 is
221 2505 441 2591 Σταγειρίτης
469 2510 643 2596 penultima
671 2508 763 2574 brevi
787 2509 879 2589 dixit,
907 2509 996 2596 quod
1024 2511 1058 2574 iu
1085 2509 1170 2574 malo

171 2627 267 2704 poeta
289 2616 454 2684 ferendum
476 2621 611 2686 videtur.

348 2929 542 2982 ANONYMUS
560 2931 631 2994 apud
647 2932 758 2984 Jacobs.
774 2929 843 2981 aud.
860 2942 888 2992 p.
901 2925 998 2980 XCIX.

207 3032 263 3109 *H
279 3041 371 3130 μάλα
392 3037 608 3130 Πρωτομάχα
629 3065 664 3108 τε
686 3044 742 3109 καί
763 3034 909 3128 Εὔμητις
929 3037 1108 3134 λιγύφωνοι
1168 3109 1170 3114 ,
1286 3139 1290 3148 .

259 3159 421 3223 ἔκλαυσαν
442 3156 573 3220 πινυταὶ
595 3151 770 3243 Πινδάρου
789 3155 981 3241 θυγατέρες,
1106 3163 1108 3166 ’

212 3263 381 3356 Ἀργόθεν
401 3255 486 3352 ἦμος
508 3269 618 3332 ίκοντο
639 3262 803 3350 κομίζουσ’
822 3266 940 3332 ἔνδοθι
961 3267 1111 3353 κρωσσοῦ

258 3375 388 3466 λείψαν’
408 3371 474 3443 ἀπὸ
497 3375 604 3458 ξείνης
626 3373 743 3465 άθρόα
764 3378 933 3463 πυρκαϊῆς.

171 3509 281 3576 Edidit
302 3512 366 3577 hoe
387 3534 512 3577 carmen
533 3516 652 3600 primus
679 3534 717 3578 ex
739 3512 851 3578 codice
874 3511 1116 3578 Vratislaviensi
1137 3514 1168 3578 J.

171 3619 212 3686 G.
236 3620 448 3688 Schneiderus
470 3622 511 3687 ad
533 3621 687 3690 Nicandri
709 3624 805 3689 Ther.
828 3646 858 3711 p.
881 3624 983 3689 XVII.
1023 3623 1171 3689 Servavit

169 3733 244 3796 item
265 3731 448 3798 Eustathius
469 3734 616 3801 Prooem.
632 3735 759 3801 Pindar.
784 3735 834 3802 ed.
850 3734 1047 3801 Schneidew.
1068 3759 1100 3822 p.
1116 3738 1168 3801 16.

170 3841 351 3908 Secundum
376 3865 504 3910 versum
529 3848 701 3914 verborum
731 3851 980 3936 transpositione
1009 3847 1169 3913 emendari

169 3955 303 4021 voluere
329 3955 527 4036 Boeckhius‚
563 3958 765 4039 Gerhardus,
796 3960 939 4026 Tafelius
967 3961 1030 4024 hoc
1056 3958 1168 4025 modo:

168 4063 342 4155 Πινδάρου
369 4069 531 4136 ἔκλαυσαν
552 4070 735 4160 θυγατέρες
758 4074 900 4139 ιτινυταί.
951 4069 1078 4157 Quibus
1100 4092 1168 4138 non
