3028 4826
354 441 409 498 Μ
696 433 1016 496 ΟΟΝΙΕΟΤΑΝΕΛ.

355 598 505 677 quentem
525 587 649 656 induxit
661 592 795 679 poetria.
827 590 887 654 Vs.
904 592 921 654 1
946 588 1020 656 cod.
1041 589 1169 655 ἐοίσιιτε
1183 585 1214 654 τ’
1226 593 1366 656 eurtum.

355 701 454 768 Nulla
483 724 552 767 cum
574 704 643 766 reri
671 705 779 789 specie
807 700 985 766 Dorvillius
1013 704 1107 766 ἐοῖσα
1135 695 1208 766 ca'd’
1227 705 1365 779 ἐννέπω,
1407 717 1413 730 ·

355 813 409 880 vel
436 813 601 879 Bentleius
629 807 721 879 t‘occd
749 809 779 877 τ’
804 808 848 877 ἔτ’
871 815 1001 879 ἐννέπω.
1052 811 1196 876 Aliorum
1224 823 1364 881 conatus

355 928 461 992 sciens
482 927 712 1012 praetermitto.
748 925 854 989 Unice
876 925 961 988 enim
975 945 1085 989 verum
1107 919 1175 988 τότ’
1195 923 1262 1004 (vel
1276 919 1362 1004 πύκ’)

356 1041 478 1104 ἐννέπω
501 1034 748 1122 adcredentes,
773 1034 874 1101 licet
894 1044 998 1099 muta
1020 1039 1104 1114 sim,
1126 1046 1204 1098 tum
1227 1044 1361 1100 tamen

356 1148 519 1237 loquor,
548 1150 583 1214 si
604 1149 691 1234 quis
712 1169 767 1212 me
789 1149 1120 1235 interrogaverit.
1165 1147 1271 1210 Versu
1294 1158 1360 1211 ter-

356 1263 404 1327 tio
431 1261 583 1326 revocavi
611 1258 730 1324 codicis
761 1257 934 1325 lectionem
959 1254 1105 1346 Ἀρίστα.
1160 1259 1235 1323 Sine
1263 1280 1361 1323 causa

355 1370 521 1436 Bentleius
539 1365 689 1452 Ἀριστώ,
708 1369 796 1456 quod
809 1369 988 1435 anckius
1003 1367 1120 1454 aliique
1136 1372 1260 1454 sequuti
1274 1381 1361 1435 sunt.

355 1484 504 1549 Nominis
522 1478 662 1568 ’Δρίστα
684 1481 826 1569 exempla
840 1481 940 1546 habes
954 1483 989 1544 iu
1003 1479 1097 1545 titulo
1114 1480 1199 1567 apud
1214 1480 1359 1545 Boeckb.

356 1593 458 1681 Corp.
481 1595 578 1659 Inscr.
597 1594 620 1672 Ι,
641 1615 672 1679 p.
688 1595 730 1659 31
753 1615 784 1659 u.
803 1595 886 1660 1881
911 1603 944 1657 et
965 1590 1051 1679 apud
1064 1592 1207 1656 Marcum
1224 1591 1358 1680 Argent.

355 1707 390 1769 in
418 1702 551 1770 Anthol.
579 1703 647 1768 Pal.
670 1705 711 1784 V,
741 1707 790 1770 16.
834 1706 941 1770 Versu
969 1713 1083 1790 quarto
1114 1702 1216 1768 codex
1240 1700 1359 1791 Ἑρμο-

355 1815 495 1881 κλείταοι
539 1814 717 1881 Dorvillius
735 1813 976 1902 Ἕρμοκλείὸαο.
1022 1815 1141 1899 Scripsi
1169 1814 1279 1879 addito
1303 1819 1360 1901 qui

356 1936 432 2014 post
459 1922 581 2014 ἀρίστα
609 1926 702 1993 facile
732 1926 878 1993 excidere
900 1930 1006 2014 potuit
1034 1925 1168 1992 articulo
1197 1923 1359 2012 ἁἙρμο-

355 2038 475 2117 κλεῖδα,
496 2037 585 2103 hiatu
608 2041 683 2103 satis
706 2037 876 2105 excusabili
900 2049 933 2103 et
946 2041 1000 2124 qui
1022 2037 1107 2104 haud
1124 2040 1233 2124 paucis
1256 2059 1360 2102 exem-

355 2148 418 2236 plis
447 2148 578 2215 defendi
605 2160 724 2237 potest.
767 2151 806 2215 In
835 2159 990 2235 sequente
1018 2153 1146 2217 nomine
1172 2170 1282 2235 presse
1304 2171 1360 2214 co-

357 2260 437 2326 dicis
458 2263 594 2349 vestigia
616 2271 769 2348 sequutus
791 2283 868 2340 sum,
889 2263 952 2326 nisi
968 2263 1056 2349 quod
1076 2283 1140 2327 una
1162 2261 1269 2326 littera
1290 2284 1360 2325 mu-

355 2381 420 2438 tata
448 2374 559 2459 scripsi
586 2373 633 2437 τῶ
653 2353 868 2439 Σαῦλαϊάιῖα.
920 2371 1034 2439 Codex
1061 2367 1129 2438 τώσ
1157 2367 1220 2439 adv
1245 2369 1359 2450 ἀϊάδα,

355 2504 416 2569 pro
445 2504 509 2569 quo
539 2486 734 2570 scripserunt
764 2485 810 2550 τῶ
831 2479 1046 2550 Σαοναϊάόα.
1092 2483 1192 2570 Quod
1221 2505 1283 2573 ego
1309 2506 1361 2550 re-

355 2597 452 2681 posui
473 2615 591 2659 nomeu
619 2599 653 2660 in
675 2595 801 2684 vulgari
829 2617 976 2662 sermone
1002 2595 1195 2661 efferebatur
1216 2590 1361 2679 Σαολᾴ-

356 2706 425 2785 δας,
448 2707 499 2770 cui
522 2705 678 2770 simillima
700 2717 775 2772 sunt
796 2707 1003 2792 Νικολᾴόας,
1025 2703 1209 2793 Νιολᾴδας,
1231 2706 1293 2771 alia
1315 2705 1359 2771 de

356 2815 469 2903 quibus
491 2839 588 2904 supra
611 2820 663 2906 egi
689 2817 730 2882 ad
752 2817 888 2885 Leonid.
912 2820 986 2884 Tar.
1008 2820 1061 2898 IX,
1085 2821 1115 2884 1.
1158 2818 1360 2895 Σαῦλαῖὃας

357 2938 462 2994 autem
485 2927 563 2994 dixit
580 2928 711 3017 Sappho
726 2951 816 2995 more
830 2930 975 3010 Aeolico‚
998 2933 1052 3017 qui
1068 2929 1265 2996 &mutabant
1278 2931 1313 2994 in
1327 2935 1359 2994 ῦ.

356 3038 456 3125 Quod
484 3044 544 3106 etsi
571 3040 618 3106 illi
645 3044 679 3105 in
705 3041 899 3128 simplicibus
922 3041 1085 3107 adiectivis
1114 3062 1182 3107 non
1211 3041 1360 3106 fecerunt

356 3155 475 3237 (neque
498 3154 579 3216 enim
602 3175 632 3216 v.
656 3175 683 3219 c.
705 3148 804 3230 κοίλας
826 3153 973 3219 dixerunt
994 3174 1054 3241 pro
1072 3150 1195 3234 καλός),
1216 3155 1250 3216 in
1272 3173 1360 3218 com-

356 3265 471 3349 positis
498 3273 604 3329 tamen
633 3283 689 3329 eos
711 3266 825 3346 fecisse
847 3264 944 3331 docet
970 3266 1160 3332 adiectivum
1181 3259 1359 3344 ταναΰιιος,

357 3373 443 3460 quod
472 3396 533 3462 pro
561 3371 750 3454 ταναόιιοιις
778 3376 903 3450 dictum,
924 3398 994 3443 esse
1020 3379 1144 3443 monuit
1173 3375 1359 3441 Eustathius

357 3483 398 3551 ad
419 3487 512 3552 Hom.
536 3510 567 3574 p.
591 3489 669 3566 631,
692 3489 743 3553 42.

643 3809 989 3878 succursurum,
1006 3805 1068 3860 443.

405 3932 515 3997 Totos
536 3953 616 4000 ποτε
639 3938 802 4023 στέρνοισι
821 3930 1062 4021 τανυγλώχινας
1084 3927 1214 4008 ὀϊστούς

443 4043 560 4110 dodoau
582 4049 742 4135 φοινίσσᾳ
763 4045 891 4132 θοῦρος
907 4039 1010 4135 ’Ἀρης
1031 4041 1175 4136 ψακάδι·
