3026 4816
425 462 686 524 eunomio
709 461 898 528 culrlcl.
1114 457 1167 520 lts'

50 687 53 693 ,
159 617 274 703 quibus
297 615 370 681 vide
393 614 434 680 ad
457 617 602 703 Euphor.
631 640 661 703 p.
685 619 738 682 ul.
784 616 930 682 Milesios
956 637 1024 680 raon
1043 625 1164 681 tanturn
1219 600 1224 621 ¹

159 732 230 812 ίέρη
254 726 370 792 dixisse
392 727 450 793 sed
473 731 567 793 etiam
588 729 739 814 μελλιέρη
763 737 795 793 et
809 731 948 815 παριίρη
970 748 1032 816 pro
1054 727 1165 814 μείλι-

159 842 247 925 suam
270 847 303 903 et
324 843 494 927 neutiqua
511 862 548 905 ex
562 837 734 903 Plutarcho
749 842 812 904 iam
827 838 903 904 olim
919 837 1014 904 docui
1030 838 1165 926 Quaest.

158 973 245 1015 seen.
269 949 322 1014 lll.
365 950 491 1036 Quibus
515 949 598 1016 adde
620 971 706 1015 nunc
728 950 853 1016 titulum
876 949 1077 1015 aBoeolrbio
1101 949 1167 1014 edi-

158 1071 224 1126 tum
261 1060 362 1150 Corp.
393 1062 488 1126 lnsor.
512 1061 557 1143 ΙΙ,
587 1082 618 1126 n.
645 1062 733 1126 21⁰8
757 1060 965 1150 Ἀριστονίκη
994 1056 1167 1148 Δήμητρος

158 1176 239 1259 ίίρη.
274 1171 373 1258 Quod
388 1171 572 1239 Boeekhius
588 1195 618 1259 p.
636 1174 701 1239 108
722 1173 795 1257 ίερῆ
809 1175 943 1259 scripsit
974 1174 1032 1237 Vs.
1050 1176 1068 1238 l
1093 1170 1165 1237 eod.

158 1279 356 1371 προπόλειος,
378 1283 465 1370 quud
488 1282 612 1348 divisim
633 1277 699 1372 πρὸ
720 1279 845 1362 πόλεως
866 1285 1019 1370 scriptum
1041 1286 1068 1348 si
1094 1306 1165 1348 eum

159 1390 309 1479 Δήμητρι
336 1399 513 1483 coniungas
548 1418 608 1482 per
634 1417 670 1460 se
698 1415 767 1460 non
798 1398 940 1482 ineptum
970 1416 1040 1460 esse
1069 1393 1166 1460 docet

161 1505 319 1571 Boeclhii
340 1511 507 1574 annotatio
530 1506 630 1593 corp.
653 1507 750 1571 Inscr.
773 1505 839 1572 vol.
862 1507 901 1586 Il,
923 1529 955 1593 p.
978 1507 1053 1572 605.
1099 1504 1166 1571 Sed

161 1616 286 1682 dativus
309 1613 458 1704 Δήμητρι
485 1619 673 1686 nonhabet
698 1617 785 1684 unde
805 1617 959 1706 pendeat3
988 1620 1095 1705 itaque
1117 1638 1166 1682 se-

160 1739 275 1816 quutus
312 1751 380 1795 sum
408 1729 610 1810 Jacobsium,
646 1733 700 1816 qui
728 1732 894 1816 sequentia
928 1733 973 1795 ita
1001 1727 1166 1808 intellexit,

159 1850 325 1929 utramque
348 1844 516 1930 octoginta
538 1863 641 1907 annos
664 1841 804 1906 vivendo
827 1840 983 1928 implesse,
1008 1840 1066 1906 sed
1089 1840 1166 1907 alte·

158 1975 225 2018 ram
254 1975 371 2019 novem
395 1952 507 2019 diebus
529 1963 605 2040 post
627 1975 772 2019 sororem
795 1951 922 2018 obiisse.
973 1951 1068 2038 Quae
1094 1974 1166 2017 sen-

136 2067 261 2152 ¹tentia
288 2087 363 2130 uum
392 2087 430 2130 ex
459 2067 583 2154 graecis
605 2063 713 2130 verbis
743 2063 829 2130 ellici
850 2067 954 2152 possit
979 2034 1165 2129 subdubito.

159 2177 240 2241 Mihi
262 2198 323 2263 pro
345 2177 552 2260 tuater'uouav
573 2175 776 2241 scribendum
798 2176 926 2240 videtur
940 2173 1164 2260 ἀπολείπομεν,

159 2298 195 2353 ut
216 2291 357 2374 utrisque
379 2308 497 2352 novem
519 2287 587 2353 dies
610 2287 650 2352 ad
673 2289 916 2375 octogenarium
931 2307 1085 2352 annorum
1108 2307 1166 2351 nu·

158 2421 278 2464 merum
302 2398 441 2464 defuisse
465 2400 596 2467 dicatur.
636 2399 798 2466 Obierunt
820 2400 917 2486 igitur
932 2397 1046 2463 eodem
1061 2408 1166 2464 utrae-

160 2533 222 2597 que
245 2511 307 2576 die.
346 2512 403 2575 Vs.
424 2513 446 2576 6
469 2509 540 2576 eod.
563 2511 684 2590 ίσοσίη.
720 2509 900 2574 Bnmulius
926 2508 1075 2592 ίσοβίοις.
1110 2510 1166 2572 Ja-

160 2622 288 2688 cobsius
319 2620 501 2688 dubitanter
523 2627 568 2699 είς
596 2619 701 2703 ὁσίην.
750 2620 944 2709 Suspicabar
965 2613 1042 2685 ἔσθ’
1064 2615 1164 2710 butyr.

157 2735 255 2799 Vsu
277 2728 476 2823 ἀφικόμεθα
491 2733 621 2800 Salmas.
661 2727 835 2819 ἁνιοίμιθα
859 2730 931 2797 eod.
953 2734 988 2795 in
1010 2751 1075 2817 quo
1091 2731 1165 2818 vide

157 2867 201 2912 ne
223 2843 311 2909 aliud
333 2844 439 2910 lateat.

245 2958 303 3021 Vl.
338 2958 395 3021 Vs.
415 2959 432 3021 l
457 2977 519 3044 pro
541 2957 795 3040 πολοπίνθιμον
817 2953 888 3020 cod.
903 2954 1163 3044 πολνιιίνθερον.

156 3070 252 3137 Vs.3
274 3089 337 3154 pro
359 3073 519 3157 ἐφέστιον,
543 3068 630 3155 quod
653 3070 780 3132 minime
803 3076 910 3154 aptum
932 3065 1067 3146 videtur,
1089 3069 1165 3132 scri-

157 3178 297 3244 bendum
327 3183 474 3267 suspicor
501 3177 669 3270 οίφίστιον.
721 3178 862 3268 Peregre
891 3181 975 3244 enim
997 3181 1164 3267 Euagorae

159 3291 280 3358 obiisse
309 3289 448 3368 videtur3
484 3291 560 3355 bine
586 3312 667 3356 uxor
694 3286 747 3356 ἀν’
780 3287 906 3374 εὐρείας
932 3280 1022 3370 ἦλθε
1048 3290 1164 3374 βοῶσα

157 3399 272 3480 πύλας.
311 3403 434 3467 Pavent
457 3404 650 3467 correctioni
672 3411 803 3467 nostrae
826 3404 919 3467 etiam
935 3404 1108 3490 sequentia,
1130 3405 1164 3466 iu

158 3515 273 3601 quibus
296 3511 414 3600 Scyllis
442 3524 606 3601 paternam
629 3511 758 3580 domum
785 3535 853 3579 non
878 3515 1067 3601 repetivisse
1090 3512 1165 3578 diei·

158 3635 219 3691 tur.
264 3627 422 3691 Nimirum
452 3646 492 3690 eo
515 3647 550 3690 se
579 3625 772 3704 contulerat,
800 3625 858 3691 ubi
878 3628 1009 3690 maritus
1032 3625 1165 3705 obierat,

159 3735 267 3821 ibique
296 3757 373 3823 prae
397 3738 491 3800 animi
522 3736 637 3802 dolore
661 3739 812 3802 exstincta
839 3748 897 3803 est
942 3739 1037 3803 Vsu
1059 3735 1164 3802 malim

160 3841 331 3930 ὀλίνμίνη.
683 3845 691 3862 ’
869 3837 871 3840 ’

247 3957 335 4022 Vlll.
372 3956 457 4025 Cod.
472 3958 644 4044 Διοτίμου·
667 3962 699 4024 οί
716 3959 750 4024 δὲ
764 3958 946 4024 Λεωνίδου.
982 3961 1073 4025 Vel
1091 3958 1162 4024 cod.

157 4068 273 4134 δειλαί.
307 4070 409 4136 Recte
431 4068 612 4135 Brunclrius
634 4069 755 4151 δείλης,Ι
773 4079 909 4157 propter
927 4071 1086 4156 Eryeium,
1109 4072 1163 4157 qui
1209 4071 1218 4083 '

920 4183 962 4246 lu
