3028 4826
356 465 411 522 212
696 462 1013 524 conluctamur.

359 617 467 683 Mariti
488 637 606 683 nomen
628 615 703 682 addi
723 638 790 682 non
812 638 943 682 necesse
966 625 1021 695 est,
1044 635 1229 700 quamquam
1244 623 1360 700 parata

360 739 444 794 essct
454 731 650 800 coniectura:
664 730 697 794 τί
711 748 767 795 σεο
781 719 866 805 εὖνις
875 731 928 792 ἐπὶ
940 713 1101 793 ovalicnie
1109 729 1221 813 πέτρα,
1236 725 1274 789 Λ
1280 748 1301 788 ο
1309 727 1360 800 σι’,

358 842 486 907 Δίκαν
513 834 656 924 γλνπτὸν
682 834 772 905 τόνδ’
796 834 933 928 ἐχάραξε
960 831 1049 903 νόον.
1099 838 1227 902 Nomen
1248 836 1360 900 Δίκαν
1435 875 1439 898 .

358 951 456 1017 habes
484 949 570 1038 apud
598 949 782 1017 Callimach.
809 950 905 1015 Anth.
933 948 1001 1013 Pal.
1014 948 1093 1027 Vll,
1116 950 1178 1013 451
1209 956 1241 1012 et
1268 948 1361 1012 Ano-

359 1085 445 1151 nym.
467 1063 549 1141 XIII,
574 1063 624 1127 15.
657 1063 767 1139 Λοσίς
787 1083 805 1125 a
827 1065 887 1127 viri
908 1062 1037 1126 nomine
1057 1059 1167 1135 Λῦσις
1187 1058 1359 1122 formatum

360 1182 422 1254 est,
450 1182 487 1239 ut
514 1175 606 1250 Τισίς
632 1195 652 1238 a
678 1175 782 1252 Τῖσις,
804 1174 901 1250 Νικίς
922 1195 941 1237 a
962 1174 1061 1246 Νἳκις
1086 1179 1119 1235 et
1141 1168 1281 1235 eiusdem
1302 1191 1361 1257 ge-

360 1288 446 1351 neris
467 1285 537 1350 alia.
582 1283 696 1351 Confr.
719 1277 901 1350 Lobeckiu's
923 1285 1116 1370 Programm.
1138 1280 1236 1345 Acad.
1261 1283 1361 1359 1841,

359 1421 391 1482 p.
415 1401 445 1463 4
490 1398 586 1462 Vel
609 1399 734 1485 corrige
755 1389 917 1481 βλαστών.

650 1705 861 1758 surnnrnus
878 1705 937 1755 rau
952 1703 1004 1769 ru,
1022 1697 1067 1752 aa

403 1809 479 1899 Κήν
499 1820 606 1910 τοίνῃς
627 1814 789 1907 ῥακόεντα
810 1810 1028 1903 πολντμήτοιο
1049 1813 1186 1901 παραῆς
1227 1865 1228 1868 .
1331 1808 1333 1813 ’

443 1929 570 2016 χρῶτα,
595 1933 652 1995 καί
673 1924 883 2021 ἀβλεφάρους
905 1917 996 2004 ὦπας
1017 1922 1065 1991 ἐπ’
1092 1922 1270 2016 ἀνθρακίῃ,

403 2041 459 2106 καὶ
480 2033 595 2120 λευκὴν
616 2037 729 2132 βάψῃς
750 2041 866 2128 μέλανι
888 2041 997 2126 τρίχα,
1019 2038 1076 2103 καὶ
1096 2035 1299 2126 πορίφλεκτα

445 2145 626 2237 βοοτρίχια
647 2147 826 2241 κροτάφοις
848 2140 930 2217 οὖλα
951 2142 1193 2239 περικρεμοέσῃς,

403 2259 498 2329 οὐδὲν
518 2265 624 2328 ταῦτα
645 2262 759 2348 γελοῖα
780 2263 837 2327 καὶ
857 2256 900 2343 ἢν
921 2263 966 2327 ἔτι
987 2262 1124 2326 πλείονα
1145 2256 1303 2350 ῥέξῃς-

290 2463 291 2466 ,
360 2398 499 2466 Carmen
519 2400 554 2463 in
575 2398 641 2463 fine
661 2407 847 2463 truncatum.
881 2398 988 2462 Versu
1002 2394 1143 2461 secrmdo
1159 2415 1226 2458 non
1240 2393 1361 2458 intelli-

359 2514 445 2599 gitur
466 2508 553 2574 unde
567 2509 729 2596 pendeant
742 2511 912 2574 accusativi
926 2502 1136 2598 ἀβλεφοίροος
1150 2495 1249 2582 ὦπας.
1286 2505 1360 2571 Νοο

358 2624 556 2709 praepositio
579 2623 633 2685 ἐπί
652 2620 751 2685 habet
771 2640 834 2706 quo
849 2619 1013 2684 referatur.
1050 2616 1182 2683 Accedit
1196 2615 1283 2703 quod
1298 2614 1359 2683 ἀν-

360 2734 503 2820 θρακέα,
532 2735 599 2797 sive
621 2735 729 2819 potius
752 2725 937 2816 ἀνθρακιολ,
965 2752 1033 2796 non
1061 2729 1215 2794 carbones
1238 2727 1360 2816 signifi-

361 2854 412 2909 cat
432 2843 490 2909 sed
513 2845 686 2910 carbonum
708 2865 864 2909 acervum.
901 2843 990 2931 Lege
1011 2843 1109 2929 igitur
1130 2841 1187 2906 καὶ
1208 2834 1359 2929 alpii-epol·
1465 2903 1476 2919 ,

360 2979 437 3044 ρονς
465 2945 556 3032 ὦπας
583 2955 838 3046 ἐπανθρακλσῃς.
888 2955 1010 3019 Notum
1040 2961 1088 3017 est
1114 2950 1263 3016 mulieres
1285 2950 1360 3015 fuli-

360 3060 436 3156 gine
458 3065 624 3155 supercilia
651 3063 713 3131 sibi
735 3068 870 3154 pingere
898 3065 1008 3130 solitas
1036 3065 1144 3129 fuisse.
1186 3063 1229 3126 V.
1255 3065 1358 3149 intpp.

360 3179 469 3243 luven.
493 3180 557 3243 Sat.
581 3178 624 3257 11,
647 3180 699 3244 93.
737 3176 775 3242 ld
798 3175 916 3265 optime
940 3177 1082 3263 exprimit
1101 3172 1235 3240 verbum
1257 3177 1359 3238 ἐπαν-

359 3288 544 3374 epaeneto,
568 3289 785 3355 carbonum
807 3289 984 3376 fuligine
1007 3285 1206 3351 inducere.
1250 3286 1359 3349 Versu

361 3402 473 3485 quinto
495 3401 617 3484 γελοῖα,
639 3398 726 3486 quod
739 3403 826 3465 varie
848 3423 866 3464 a
890 3402 1005 3464 criticis
1027 3407 1180 3464 tentatum
1204 3406 1260 3477 est,
1281 3397 1358 3460 mihi

361 3513 526 3576 vocativus
555 3532 625 3577 esse
653 3511 792 3577 videtur:
835 3510 948 3577 Nihil
975 3511 1085 3589 haec,
1120 3530 1142 3575 o
1170 3506 1357 3586 ridicula,

361 3643 432 3688 nec
453 3625 487 3687 si
508 3621 625 3709 plura
646 3623 903 3702 machineris,
925 3622 1047 3687 faciei
1062 3631 1156 3686 tuae
1178 3621 1359 3707 turpitu-

361 3733 490 3800 dinem
511 3736 697 3800 minuent.
735 3734 850 3820 Neque
872 3734 1046 3799 offensioni
1069 3753 1138 3797 esse
1156 3740 1266 3817 potest
1288 3751 1359 3794 cor-

360 3849 464 3932 reptio
486 3845 614 3910 ultimae
636 3845 788 3932 syllabae.
826 3848 928 3912 Poeta
949 3848 1010 3911 inc.
1033 3845 1129 3910 Anth.
1151 3842 1217 3907 Pal.
1238 3843 1299 3921 [X.
1313 3842 1358 3908 32

361 3953 486 4023 ὁλκάδα
507 3951 569 4022 τᾶν
591 3957 738 4023 δείλαιον
761 3956 812 4024 ἀεὶ
833 3954 958 4034 κλόνος.
1002 3955 1206 4022 Philodemus
1228 3955 1269 4033 V,
1293 3954 1359 4018 132

347 4073 387 4144 ei
409 4064 439 4133 δ’
458 4062 554 4148 onear}
582 4070 638 4136 καὶ
655 4064 769 4155 χλωροὶ
797 4071 853 4136 καὶ
882 4067 940 4136 οὐκ
962 4063 1090 4154 ᾅδουσα
1111 4061 1154 4132 τοὶ
1176 4065 1358 4156 Σαπφοῦς.
