3028 4826
346 469 400 524 Ὧν
687 457 1002 523 conlocutum.

642 677 826 729 Pfllnmrus
842 676 901 727 Pal.
912 676 966 744 vl,
982 672 1047 728 259.

397 793 456 869 Τίς
475 784 536 856 τὸν
554 781 676 876 ἅχνονν
692 785 816 877 Ἑρμῆν
831 810 867 856 σε
881 786 961 875 παρ’
973 784 1193 875 ὑσπλήγεσσιν
1206 789 1357 872 ἕθηκενς

431 899 637 992 Ἑρμογένης.
661 939 700 953 -
723 902 813 978 τίνος
835 895 897 984 olou-
919 937 961 948 -
984 902 1179 987 Δαιμονέως.
1203 939 1244 954 -

1068 1006 1234 1094 ποδαπόςς
1259 1051 1301 1066 -·

388 1119 572 1211 Ἀντιοχεύς
584 1161 627 1172 -
641 1124 744 1210 τιμῶν
758 1143 794 1188 σε
807 1117 906 1212 χάριν
920 1124 1026 1207 τίνος;
1042 1162 1081 1176 -
1099 1121 1142 1201 ὡς
1156 1121 1354 1210 σοναρωγόν

436 1242 471 1303 ἐν
493 1236 647 1312 σταδίοις.
664 1273 708 1284 -
728 1237 853 1319 nolum
870 1273 910 1287 -
930 1231 1097 1321 Ἰσθμόθι
1117 1230 1178 1315 κήν
1199 1237 1325 1320 Νεμέᾳ.

348 1370 448 1459 Quod
475 1369 618 1440 secundo
640 1393 735 1436 versu
764 1370 883 1452 editum
913 1383 961 1436 est
983 1372 1172 1455 Δαιμονέως
1197 1389 1265 1434 non
1294 1368 1354 1433 ad-

348 1482 450 1548 ducor
470 1493 507 1548 ut
528 1504 676 1571 graccum
697 1504 815 1548 nomen
836 1483 935 1548 fuisse
957 1480 1092 1547 credam.
1136 1481 1251 1567 Neque
1273 1485 1352 1545 scri-

348 1597 413 1682 psit
440 1597 484 1660 itn
505 1592 680 1680 Philippus.
731 1595 769 1659 ln
798 1592 869 1659 cod.
890 1591 958 1658 Pul.
988 1602 1037 1658 est
1059 1592 1179 1678 δαῖμον
1200 1587 1253 1668 ἐΰς
1275 1615 1349 1657 cum

348 1717 426 1772 nota
447 1703 613 1794 marginali
633 1728 684 1788 γρ.
707 1707 902 1789 Δαιμονέως.
955 1703 1048 1790 Quae
1074 1712 1184 1790 apertu
1206 1715 1255 1768 est
1277 1725 1351 1768 cor-

347 1820 482 1883 rectoris
504 1816 720 1904 interpolatio.
771 1815 977 1882 scribendum
999 1818 1093 1881 unius
1115 1813 1228 1880 literae
1249 1826 1351 1880 muta-

349 1931 438 1993 tione
457 1930 648 2014 Δαϊμένενς,
670 1931 759 1993 cuius
781 1930 917 1992 nominis
939 1926 1115 2015 exemplum
1137 1926 1235 1992 habes
1258 1927 1346 2014 apud

347 2040 665 2120 Pausan.Ach.V1,
688 2043 709 2105 2
735 2038 888 2125 aliosque.

748 2207 947 2217 —-——-—-.-—A-

538 2349 753 2402 srnnrnnurs
771 2347 930 2400 unrocus
952 2349 1077 2417 Parvi,
1098 2344 1157 2398 196.

475 2460 688 2545 Ῥαιβοσκελῆ
710 2462 845 2547 δίχαλον
867 2456 1081 2548 ἀμμοὸνότοιν

481 2568 744 2658 ὀπισθοβάμον’,
765 2568 965 2660 ἁτράχηλον,
988 2567 1161 2650 ὀκτάπονν,

479 2681 615 2766 νήκταν,
638 2680 877 2773 ὲρνμνόνωτον,
900 2679 1135 2772 ὁστροεκόχροα,

479 2799 526 2880 τῷ
549 2797 642 2861 Πανὶ
663 2789 722 2861 τὸν
743 2791 913 2880 πάγουρον
935 2780 1135 2881 ὁρμιῇβόλος

480 2900 585 2995 ἄγρας
607 2901 760 2996 &nappin
783 2904 944 2988 ἀντίθησι
964 2901 1141 2984 Κώπασος.

347 3044 456 3108 Versu
476 3044 578 3129 primo
602 3064 664 3127 qua
686 3041 760 3130 lege
786 3044 954 3108 formatum
977 3045 1018 3106 sit
1039 3063 1156 3107 nomen
1179 3037 1350 3127 ἀμμοὸοό-

348 3177 409 3230 τας
441 3152 612 3218 nemodum
641 3152 759 3219 docuit.
817 3155 943 3218 Interea
971 3155 1119 3240 suspicor
1147 3152 1349 3218 scribendum

347 3285 419 3328 esse
447 3259 702 3350 ἀμμοὸοσόποιν,
735 3268 756 3330 i.
784 3287 811 3331 e.
840 3287 955 3330 arenae
983 3265 1120 3331 latebras
1148 3265 1347 3331 subeuntem.

349 3376 455 3440 Versu
483 3379 579 3442 tertio
602 3375 703 3442 codex
724 3373 847 3457 νηκτάν
869 3374 898 3443 τ’
922 3373 1159 3465 ἐρυμνόνοτον,
1190 3376 1278 3461 quod
1299 3378 1349 3440 in-

349 3486 433 3553 dicio
457 3496 506 3552 est
526 3489 689 3574 scripsisse
703 3498 832 3574 poetam
846 3483 977 3569 νηκτόν,
998 3484 1246 3577 τερεμνόνωτον.
1284 3489 1348 3553 Hc-

348 3600 490 3686 sychius,
526 3601 696 3687 Τέρεμνοςε
725 3595 870 3689 ἰσχυρός,
897 3593 1126 3688 ἣστέρεμνος.
1176 3599 1348 3664 Praeterea

348 3731 409 3797 pro
431 3705 555 3791 νηκτόν
571 3714 682 3798 scripsi
704 3706 835 3792 νήκταν,
858 3721 1100 3793 necatorem,
1122 3732 1186 3800 quo
1202 3709 1349 3776 substan-

348 3824 415 3887 tivo
438 3844 513 3889 usus
537 3833 586 3890 est
606 3823 770 3889 Manetho.
