<?xml version="1.0" encoding="UTF-8"?>
<!DOCTYPE html PUBLIC "-//W3C//DTD XHTML 1.0 Transitional//EN"
    "http://www.w3.org/TR/xhtml1/DTD/xhtml1-transitional.dtd">
<html xmlns="http://www.w3.org/1999/xhtml" xml:lang="en" lang="en">
 <head>
  <title>
</title>
<meta http-equiv="Content-Type" content="text/html;charset=utf-8" />
  <meta name='ocr-system' content='tesseract 3.04.00' />
  <meta name='ocr-capabilities' content='ocr_page ocr_carea ocr_par ocr_line ocrx_word'/>
</head>
<body>
  <div class='ocr_page' id='page_1' title='image "./delectuspoetaru00meingoog_0188.png"; bbox 0 0 3026 4816; ppageno 0'>
   <div class='ocr_carea' id='block_1_1' title="bbox 442 413 1269 514">
    <p class='ocr_par' dir='ltr' id='par_1_1' title="bbox 442 413 1269 514">
     <span class='ocr_line' id='line_1_1' title="bbox 442 413 1269 514; baseline -0.004 -2"><span class='ocrx_word' id='word_1_1' title='bbox 442 453 705 514; x_wconf 74' lang='lat' dir='ltr'><strong>ronorrrro</strong></span> <span class='ocrx_word' id='word_1_2' title='bbox 727 452 916 514; x_wconf 70' lang='lat' dir='ltr'><strong>emmor„</strong></span> <span class='ocrx_word' id='word_1_3' title='bbox 1129 456 1181 512; x_wconf 72' lang='lat' dir='ltr'><strong>res</strong></span> <span class='ocrx_word' id='word_1_4' title='bbox 1266 413 1269 422; x_wconf 72' lang='grc'><em>’</em></span> 
     </span>
    </p>
   </div>
   <div class='ocr_carea' id='block_1_2' title="bbox 44 589 1292 4045">
    <p class='ocr_par' dir='ltr' id='par_1_2' title="bbox 171 589 1178 1030">
     <span class='ocr_line' id='line_1_2' title="bbox 173 589 1177 696; baseline -0.004 -21"><span class='ocrx_word' id='word_1_5' title='bbox 173 589 361 696; x_wconf 84' lang='lat' dir='ltr'><strong>Marsyas</strong></span> <span class='ocrx_word' id='word_1_6' title='bbox 385 617 502 695; x_wconf 86' lang='lat' dir='ltr'><strong>patre</strong></span> <span class='ocrx_word' id='word_1_7' title='bbox 525 606 705 673; x_wconf 89' lang='lat' dir='ltr'><strong>deterius</strong></span> <span class='ocrx_word' id='word_1_8' title='bbox 732 607 849 672; x_wconf 90' lang='lat' dir='ltr'><strong>tibiis</strong></span> <span class='ocrx_word' id='word_1_9' title='bbox 873 607 1033 672; x_wconf 87' lang='lat' dir='ltr'><strong>ceci-nit.</strong></span> <span class='ocrx_word' id='word_1_10' title='bbox 1077 607 1135 672; x_wconf 83' lang='lat' dir='ltr'><strong>Vs.</strong></span> <span class='ocrx_word' id='word_1_11' title='bbox 1156 608 1177 671; x_wconf 87' lang='lat'><strong>6</strong></span> 
     </span>
     <span class='ocr_line' id='line_1_3' title="bbox 173 715 1178 806; baseline -0.003 -20"><span class='ocrx_word' id='word_1_12' title='bbox 173 720 245 788; x_wconf 89' lang='lat' dir='ltr'><strong>cod.</strong></span> <span class='ocrx_word' id='word_1_13' title='bbox 267 715 412 804; x_wconf 77' lang='grc' dir='ltr'><strong>ἐγνώθη,</strong></span> <span class='ocrx_word' id='word_1_14' title='bbox 433 740 516 806; x_wconf 91' lang='lat' dir='ltr'><strong>quae</strong></span> <span class='ocrx_word' id='word_1_15' title='bbox 537 722 654 784; x_wconf 86' lang='lat' dir='ltr'><strong>vitiosa</strong></span> <span class='ocrx_word' id='word_1_16' title='bbox 677 728 726 784; x_wconf 89' lang='lat' dir='ltr'><strong>est</strong></span> <span class='ocrx_word' id='word_1_17' title='bbox 746 718 857 798; x_wconf 87' lang='lat' dir='ltr'><strong>forma,</strong></span> <span class='ocrx_word' id='word_1_18' title='bbox 880 739 971 803; x_wconf 90' lang='lat' dir='ltr'><strong>quam</strong></span> <span class='ocrx_word' id='word_1_19' title='bbox 996 719 1101 806; x_wconf 81' lang='lat' dir='ltr'><strong>attigit</strong></span> <span class='ocrx_word' id='word_1_20' title='bbox 1122 717 1178 783; x_wconf 91' lang='lat' dir='ltr'><strong>hu-</strong></span> 
     </span>
     <span class='ocr_line' id='line_1_4' title="bbox 172 829 1175 916; baseline -0.003 -18"><span class='ocrx_word' id='word_1_21' title='bbox 172 835 222 899; x_wconf 89' lang='lat' dir='ltr'><strong>ius</strong></span> <span class='ocrx_word' id='word_1_22' title='bbox 244 831 310 898; x_wconf 94' lang='lat' dir='ltr'><strong>Ioci</strong></span> <span class='ocrx_word' id='word_1_23' title='bbox 331 851 399 896; x_wconf 90' lang='lat' dir='ltr'><strong>non</strong></span> <span class='ocrx_word' id='word_1_24' title='bbox 420 851 543 896; x_wconf 91' lang='lat' dir='ltr'><strong>memor</strong></span> <span class='ocrx_word' id='word_1_25' title='bbox 563 829 746 896; x_wconf 83' lang='lat' dir='ltr'><strong>Lobeckius</strong></span> <span class='ocrx_word' id='word_1_26' title='bbox 769 829 811 896; x_wconf 86' lang='lat' dir='ltr'><strong>ad</strong></span> <span class='ocrx_word' id='word_1_27' title='bbox 829 829 928 916; x_wconf 87' lang='lat' dir='ltr'><strong>Soph.</strong></span> <span class='ocrx_word' id='word_1_28' title='bbox 946 830 1031 894; x_wconf 82' lang='lat' dir='ltr'><strong>Aicc.</strong></span> <span class='ocrx_word' id='word_1_29' title='bbox 1053 853 1085 916; x_wconf 96' lang='lat' dir='ltr'><strong>p.</strong></span> <span class='ocrx_word' id='word_1_30' title='bbox 1101 832 1175 895; x_wconf 86' lang='lat'><strong>316.</strong></span> 
     </span>
     <span class='ocr_line' id='line_1_5' title="bbox 171 938 1151 1030; baseline -0.004 -20"><span class='ocrx_word' id='word_1_31' title='bbox 171 945 236 1010; x_wconf 91' lang='lat' dir='ltr'><strong>Pr0</strong></span> <span class='ocrx_word' id='word_1_32' title='bbox 259 939 377 1022; x_wconf 69' lang='grc' dir='ltr'><em>ἔδειξεν</em></span> <span class='ocrx_word' id='word_1_33' title='bbox 390 942 522 1008; x_wconf 78' lang='lat' dir='ltr'><strong>Jacobs.</strong></span> <span class='ocrx_word' id='word_1_34' title='bbox 541 951 574 1008; x_wconf 87' lang='lat' dir='ltr'><strong>et</strong></span> <span class='ocrx_word' id='word_1_35' title='bbox 587 943 758 1008; x_wconf 80' lang='lat' dir='ltr'><strong>Hermann.</strong></span> <span class='ocrx_word' id='word_1_36' title='bbox 781 941 995 1030; x_wconf 82' lang='lat' dir='ltr'><strong>probabiliter</strong></span> <span class='ocrx_word' id='word_1_37' title='bbox 1016 938 1151 1025; x_wconf 70' lang='grc' dir='ltr'><strong>ἔλεγξιν.</strong></span> 
     </span>
    </p>

    <p class='ocr_par' dir='ltr' id='par_1_3' title="bbox 169 1048 1212 1813">
     <span class='ocr_line' id='line_1_6' title="bbox 260 1048 1175 1141; baseline -0.002 -21"><span class='ocrx_word' id='word_1_38' title='bbox 260 1054 348 1120; x_wconf 90' lang='lat' dir='ltr'><strong>XVI.</strong></span> <span class='ocrx_word' id='word_1_39' title='bbox 388 1057 446 1120; x_wconf 87' lang='lat' dir='ltr'><strong>Vs.</strong></span> <span class='ocrx_word' id='word_1_40' title='bbox 469 1057 490 1121; x_wconf 89' lang='grc'><strong>3</strong></span> <span class='ocrx_word' id='word_1_41' title='bbox 520 1052 592 1120; x_wconf 91' lang='lat' dir='ltr'><strong>cod.</strong></span> <span class='ocrx_word' id='word_1_42' title='bbox 612 1048 744 1141; x_wconf 75' lang='grc' dir='ltr'><em>τριθύν.</em></span> <span class='ocrx_word' id='word_1_43' title='bbox 788 1052 957 1120; x_wconf 87' lang='lat' dir='ltr'><strong>Bentleius</strong></span> <span class='ocrx_word' id='word_1_44' title='bbox 983 1052 1103 1139; x_wconf 86' lang='lat' dir='ltr'><strong>Opusc</strong></span> <span class='ocrx_word' id='word_1_45' title='bbox 1125 1051 1175 1118; x_wconf 90' lang='lat' dir='ltr'><strong>ed.</strong></span> 
     </span>
     <span class='ocr_line' id='line_1_7' title="bbox 170 1160 1177 1253; baseline -0.001 -22"><span class='ocrx_word' id='word_1_46' title='bbox 170 1168 258 1253; x_wconf 87' lang='lat' dir='ltr'><strong>Lips.</strong></span> <span class='ocrx_word' id='word_1_47' title='bbox 281 1190 313 1253; x_wconf 89' lang='lat' dir='ltr'><strong>p.</strong></span> <span class='ocrx_word' id='word_1_48' title='bbox 328 1168 392 1232; x_wconf 79' lang='lat'><strong>277</strong></span> <span class='ocrx_word' id='word_1_49' title='bbox 415 1160 555 1251; x_wconf 81' lang='grc' dir='ltr'><em>τριττύν,</em></span> <span class='ocrx_word' id='word_1_50' title='bbox 577 1165 734 1253; x_wconf 88' lang='lat' dir='ltr'><strong>triplicem</strong></span> <span class='ocrx_word' id='word_1_51' title='bbox 749 1165 893 1252; x_wconf 83' lang='lat' dir='ltr'>Dionysi</span> <span class='ocrx_word' id='word_1_52' title='bbox 907 1165 1039 1230; x_wconf 90' lang='lat' dir='ltr'><strong>chorum</strong></span> <span class='ocrx_word' id='word_1_53' title='bbox 1062 1163 1102 1229; x_wconf 90' lang='lat' dir='ltr'><strong>de</strong></span> <span class='ocrx_word' id='word_1_54' title='bbox 1123 1168 1177 1230; x_wconf 89' lang='lat' dir='ltr'><strong>tn&#39;-</strong></span> 
     </span>
     <span class='ocr_line' id='line_1_8' title="bbox 170 1274 1176 1366; baseline -0.004 -22"><span class='ocrx_word' id='word_1_55' title='bbox 170 1281 221 1344; x_wconf 92' lang='lat' dir='ltr'><strong>nis</strong></span> <span class='ocrx_word' id='word_1_56' title='bbox 242 1278 413 1364; x_wconf 82' lang='lat' dir='ltr'><strong>Dinnysiis</strong></span> <span class='ocrx_word' id='word_1_57' title='bbox 442 1275 637 1366; x_wconf 83' lang='lat' dir='ltr'><strong>intelligens.</strong></span> <span class='ocrx_word' id='word_1_58' title='bbox 687 1278 808 1342; x_wconf 84' lang='lat' dir='ltr'><strong>Verum</strong></span> <span class='ocrx_word' id='word_1_59' title='bbox 830 1277 959 1342; x_wconf 85' lang='lat' dir='ltr'><strong>videtur</strong></span> <span class='ocrx_word' id='word_1_60' title='bbox 987 1274 1075 1363; x_wconf 89' lang='lat' dir='ltr'><strong>quod</strong></span> <span class='ocrx_word' id='word_1_61' title='bbox 1097 1277 1176 1343; x_wconf 90' lang='lat' dir='ltr'><strong>Her-</strong></span> 
     </span>
     <span class='ocr_line' id='line_1_9' title="bbox 169 1381 1176 1475; baseline -0.002 -21"><span class='ocrx_word' id='word_1_62' title='bbox 169 1392 278 1456; x_wconf 85' lang='lat' dir='ltr'><strong>manni</strong></span> <span class='ocrx_word' id='word_1_63' title='bbox 299 1410 395 1454; x_wconf 89' lang='lat' dir='ltr'><strong>suasu</strong></span> <span class='ocrx_word' id='word_1_64' title='bbox 417 1391 530 1475; x_wconf 87' lang='lat' dir='ltr'><strong>scripsi</strong></span> <span class='ocrx_word' id='word_1_65' title='bbox 551 1383 682 1474; x_wconf 75' lang='grc' dir='ltr'><em>τριττύνί</em></span> <span class='ocrx_word' id='word_1_66' title='bbox 719 1387 764 1452; x_wconf 89' lang='lat' dir='ltr'><strong>Ib.</strong></span> <span class='ocrx_word' id='word_1_67' title='bbox 787 1381 907 1455; x_wconf 79' lang='grc' dir='ltr'><em>ἄθλων</em></span> <span class='ocrx_word' id='word_1_68' title='bbox 928 1389 1085 1453; x_wconf 90' lang='lat' dir='ltr'><strong>immerito</strong></span> <span class='ocrx_word' id='word_1_69' title='bbox 1107 1397 1176 1454; x_wconf 89' lang='lat' dir='ltr'><strong>ten-</strong></span> 
     </span>
     <span class='ocr_line' id='line_1_10' title="bbox 170 1497 1212 1580; baseline -0.004 -12"><span class='ocrx_word' id='word_1_70' title='bbox 170 1511 270 1568; x_wconf 89' lang='lat' dir='ltr'><strong>tatum</strong></span> <span class='ocrx_word' id='word_1_71' title='bbox 293 1508 357 1580; x_wconf 89' lang='lat' dir='ltr'><strong>est,</strong></span> <span class='ocrx_word' id='word_1_72' title='bbox 380 1522 462 1566; x_wconf 92' lang='lat' dir='ltr'><strong>cum</strong></span> <span class='ocrx_word' id='word_1_73' title='bbox 485 1501 622 1566; x_wconf 85' lang='lat' dir='ltr'><strong>hircus</strong></span> <span class='ocrx_word' id='word_1_74' title='bbox 645 1507 685 1566; x_wconf 88' lang='lat' dir='ltr'><strong>ct</strong></span> <span class='ocrx_word' id='word_1_75' title='bbox 705 1499 854 1566; x_wconf 89' lang='lat' dir='ltr'><strong>ficuum</strong></span> <span class='ocrx_word' id='word_1_76' title='bbox 876 1498 1087 1565; x_wconf 87' lang='lat' dir='ltr'><strong>arrhichus</strong></span> <span class='ocrx_word' id='word_1_77' title='bbox 1109 1497 1176 1564; x_wconf 80' lang='lat' dir='ltr'><strong>ad·</strong></span> <span class='ocrx_word' id='word_1_78' title='bbox 1210 1531 1212 1534; x_wconf 95' lang='lat'>·</span> 
     </span>
     <span class='ocr_line' id='line_1_11' title="bbox 169 1611 1174 1699; baseline -0.003 -20"><span class='ocrx_word' id='word_1_79' title='bbox 169 1613 248 1680; x_wconf 90' lang='lat' dir='ltr'><strong>huc</strong></span> <span class='ocrx_word' id='word_1_80' title='bbox 282 1614 636 1678; x_wconf 80' lang='lat' dir='ltr'><strong>concertationum</strong></span> <span class='ocrx_word' id='word_1_81' title='bbox 672 1614 888 1699; x_wconf 87' lang='lat' dir='ltr'><strong>praemium</strong></span> <span class='ocrx_word' id='word_1_82' title='bbox 918 1619 1037 1677; x_wconf 79' lang='lat' dir='ltr'><strong>esset.</strong></span> <span class='ocrx_word' id='word_1_83' title='bbox 1092 1611 1174 1676; x_wconf 84' lang='lat' dir='ltr'><strong>Nam</strong></span> 
     </span>
     <span class='ocr_line' id='line_1_12' title="bbox 169 1714 1176 1813; baseline -0.003 -24"><span class='ocrx_word' id='word_1_84' title='bbox 169 1746 232 1813; x_wconf 94' lang='lat' dir='ltr'><strong>pro</strong></span> <span class='ocrx_word' id='word_1_85' title='bbox 255 1714 382 1803; x_wconf 78' lang='grc' dir='ltr'><em>ἆθλος,</em></span> <span class='ocrx_word' id='word_1_86' title='bbox 412 1722 499 1810; x_wconf 89' lang='lat' dir='ltr'><strong>quod</strong></span> <span class='ocrx_word' id='word_1_87' title='bbox 520 1745 568 1789; x_wconf 87' lang='lat' dir='ltr'><strong>vs.</strong></span> <span class='ocrx_word' id='word_1_88' title='bbox 590 1729 610 1790; x_wconf 83' lang='grc'><strong>4</strong></span> <span class='ocrx_word' id='word_1_89' title='bbox 639 1722 713 1788; x_wconf 91' lang='lat' dir='ltr'><strong>cod.</strong></span> <span class='ocrx_word' id='word_1_90' title='bbox 735 1722 845 1802; x_wconf 85' lang='lat' dir='ltr'><strong>habet,</strong></span> <span class='ocrx_word' id='word_1_91' title='bbox 870 1731 959 1788; x_wconf 92' lang='lat' dir='ltr'><strong>recte</strong></span> <span class='ocrx_word' id='word_1_92' title='bbox 980 1724 1176 1809; x_wconf 88' lang='lat' dir='ltr'><strong>scripserunt</strong></span> 
     </span>
    </p>

    <p class='ocr_par' dir='ltr' id='par_1_4' title="bbox 44 1821 1175 2369">
     <span class='ocr_line' id='line_1_13' title="bbox 44 1821 1175 1902; baseline -0.004 0"><span class='ocrx_word' id='word_1_93' title='bbox 44 1821 51 1838; x_wconf 66' lang='lat'><strong><em>⁴</em></strong></span> <span class='ocrx_word' id='word_1_94' title='bbox 170 1825 294 1902; x_wconf 74' lang='grc' dir='ltr'><em>ἆθλον.</em></span> <span class='ocrx_word' id='word_1_95' title='bbox 346 1837 482 1900; x_wconf 88' lang='lat' dir='ltr'><strong>Prorsus</strong></span> <span class='ocrx_word' id='word_1_96' title='bbox 504 1856 523 1901; x_wconf 86' lang='lat' dir='ltr'><strong>a</strong></span> <span class='ocrx_word' id='word_1_97' title='bbox 550 1856 631 1901; x_wconf 87' lang='lat' dir='ltr'><strong>vcro</strong></span> <span class='ocrx_word' id='word_1_98' title='bbox 659 1834 846 1900; x_wconf 86' lang='lat' dir='ltr'><strong>aberrarunt</strong></span> <span class='ocrx_word' id='word_1_99' title='bbox 870 1832 1037 1899; x_wconf 90' lang='lat' dir='ltr'><strong>Bentleius</strong></span> <span class='ocrx_word' id='word_1_100' title='bbox 1067 1843 1100 1899; x_wconf 93' lang='lat' dir='ltr'><strong>et</strong></span> <span class='ocrx_word' id='word_1_101' title='bbox 1119 1835 1175 1897; x_wconf 84' lang='lat' dir='ltr'><strong>Ja-</strong></span> 
     </span>
     <span class='ocr_line' id='line_1_14' title="bbox 170 1939 1175 2039; baseline -0.002 -27"><span class='ocrx_word' id='word_1_102' title='bbox 170 1945 310 2013; x_wconf 88' lang='lat' dir='ltr'><strong>cobsius.</strong></span> <span class='ocrx_word' id='word_1_103' title='bbox 355 1947 458 2013; x_wconf 70' lang='lat' dir='ltr'><strong>Vei</strong></span> <span class='ocrx_word' id='word_1_104' title='bbox 487 1944 559 2012; x_wconf 88' lang='lat' dir='ltr'><strong>cod.</strong></span> <span class='ocrx_word' id='word_1_105' title='bbox 587 1939 652 2034; x_wconf 77' lang='grc' dir='ltr'><strong>πρὸ</strong></span> <span class='ocrx_word' id='word_1_106' title='bbox 681 1947 739 2013; x_wconf 83' lang='grc' dir='ltr'><strong>σεῦ</strong></span> <span class='ocrx_word' id='word_1_107' title='bbox 765 1942 875 2039; x_wconf 73' lang='grc' dir='ltr'><em>φήσει.</em></span> <span class='ocrx_word' id='word_1_108' title='bbox 920 1945 1071 2014; x_wconf 79' lang='lat' dir='ltr'><strong>Correxit</strong></span> <span class='ocrx_word' id='word_1_109' title='bbox 1099 1945 1175 2011; x_wconf 89' lang='lat' dir='ltr'><strong>Rei-</strong></span> 
     </span>
     <span class='ocr_line' id='line_1_15' title="bbox 169 2051 1173 2145; baseline -0.002 -22"><span class='ocrx_word' id='word_1_110' title='bbox 169 2058 267 2124; x_wconf 85' lang='lat' dir='ltr'><strong>skius.</strong></span> <span class='ocrx_word' id='word_1_111' title='bbox 313 2058 407 2144; x_wconf 83' lang='lat' dir='ltr'><strong>Quae</strong></span> <span class='ocrx_word' id='word_1_112' title='bbox 429 2069 608 2145; x_wconf 89' lang='lat' dir='ltr'><strong>sequuntur</strong></span> <span class='ocrx_word' id='word_1_113' title='bbox 628 2051 736 2124; x_wconf 76' lang='grc' dir='ltr'><strong><em>τᾶλλα</em></strong></span> <span class='ocrx_word' id='word_1_114' title='bbox 758 2053 789 2124; x_wconf 82' lang='grc' dir='ltr'><strong>δ’</strong></span> <span class='ocrx_word' id='word_1_115' title='bbox 803 2051 883 2142; x_wconf 70' lang='grc' dir='ltr'><strong>ἐμά,</strong></span> <span class='ocrx_word' id='word_1_116' title='bbox 909 2058 1002 2122; x_wconf 88' lang='lat' dir='ltr'><strong>nimis</strong></span> <span class='ocrx_word' id='word_1_117' title='bbox 1023 2055 1173 2143; x_wconf 85' lang='lat' dir='ltr'><strong>proiecto</strong></span> 
     </span>
     <span class='ocr_line' id='line_1_16' title="bbox 170 2160 1173 2254; baseline -0.001 -19"><span class='ocrx_word' id='word_1_118' title='bbox 170 2173 277 2236; x_wconf 88' lang='lat' dir='ltr'><strong>ieiuna</strong></span> <span class='ocrx_word' id='word_1_119' title='bbox 300 2178 383 2235; x_wconf 80' lang='lat' dir='ltr'><strong>sunt.</strong></span> <span class='ocrx_word' id='word_1_120' title='bbox 421 2168 632 2235; x_wconf 81' lang='lat' dir='ltr'><strong>scribendum</strong></span> <span class='ocrx_word' id='word_1_121' title='bbox 654 2172 725 2235; x_wconf 92' lang='lat' dir='ltr'><strong>sine</strong></span> <span class='ocrx_word' id='word_1_122' title='bbox 745 2167 845 2234; x_wconf 90' lang='lat' dir='ltr'><strong>dubio</strong></span> <span class='ocrx_word' id='word_1_123' title='bbox 867 2160 1001 2254; x_wconf 65' lang='lat' dir='ltr'><strong>10}de</strong></span> <span class='ocrx_word' id='word_1_124' title='bbox 1015 2162 1087 2253; x_wconf 73' lang='grc' dir='ltr'><strong>ἐμά,</strong></span> <span class='ocrx_word' id='word_1_125' title='bbox 1108 2170 1129 2234; x_wconf 94' lang='lat' dir='ltr'><strong>i.</strong></span> <span class='ocrx_word' id='word_1_126' title='bbox 1146 2191 1173 2236; x_wconf 92' lang='lat' dir='ltr'><strong>e.</strong></span> 
     </span>
     <span class='ocr_line' id='line_1_17' title="bbox 168 2281 846 2369; baseline 0 -23"><span class='ocrx_word' id='word_1_127' title='bbox 168 2302 253 2347; x_wconf 87' lang='lat' dir='ltr'><strong>mea</strong></span> <span class='ocrx_word' id='word_1_128' title='bbox 273 2281 368 2347; x_wconf 90' lang='lat' dir='ltr'><strong>mihi</strong></span> <span class='ocrx_word' id='word_1_129' title='bbox 389 2285 528 2347; x_wconf 90' lang='lat' dir='ltr'><strong>merita</strong></span> <span class='ocrx_word' id='word_1_130' title='bbox 551 2303 664 2348; x_wconf 92' lang='lat' dir='ltr'><strong>nemo</strong></span> <span class='ocrx_word' id='word_1_131' title='bbox 689 2284 846 2369; x_wconf 89' lang='lat' dir='ltr'><strong>eripiet.</strong></span> 
     </span>
    </p>

    <p class='ocr_par' dir='ltr' id='par_1_5' title="bbox 168 2392 1173 2696">
     <span class='ocr_line' id='line_1_18' title="bbox 257 2392 1173 2481; baseline -0.004 -21"><span class='ocrx_word' id='word_1_132' title='bbox 257 2394 358 2460; x_wconf 86' lang='lat' dir='ltr'><strong>XVII.</strong></span> <span class='ocrx_word' id='word_1_133' title='bbox 396 2394 454 2459; x_wconf 83' lang='lat' dir='ltr'><strong>Vs.</strong></span> <span class='ocrx_word' id='word_1_134' title='bbox 470 2395 492 2459; x_wconf 80' lang='lat'>2</span> <span class='ocrx_word' id='word_1_135' title='bbox 515 2392 604 2481; x_wconf 90' lang='lat' dir='ltr'><strong>quod</strong></span> <span class='ocrx_word' id='word_1_136' title='bbox 620 2393 792 2458; x_wconf 86' lang='lat' dir='ltr'><strong>Jacobsius</strong></span> <span class='ocrx_word' id='word_1_137' title='bbox 807 2395 942 2458; x_wconf 85' lang='lat' dir='ltr'><strong>intexto</strong></span> <span class='ocrx_word' id='word_1_138' title='bbox 963 2393 1081 2478; x_wconf 76' lang='lat' dir='ltr'><strong>posuit,</strong></span> <span class='ocrx_word' id='word_1_139' title='bbox 1103 2394 1173 2479; x_wconf 89' lang='lat' dir='ltr'><strong>ipso</strong></span> 
     </span>
     <span class='ocr_line' id='line_1_19' title="bbox 168 2499 1173 2593; baseline -0.002 -23"><span class='ocrx_word' id='word_1_140' title='bbox 168 2507 333 2570; x_wconf 81' lang='lat' dir='ltr'><strong>revocavit</strong></span> <span class='ocrx_word' id='word_1_141' title='bbox 360 2507 394 2572; x_wconf 93' lang='lat' dir='ltr'><strong>in</strong></span> <span class='ocrx_word' id='word_1_142' title='bbox 423 2507 517 2571; x_wconf 92' lang='lat' dir='ltr'><strong>notis.</strong></span> <span class='ocrx_word' id='word_1_143' title='bbox 564 2507 659 2572; x_wconf 71' lang='lat' dir='ltr'><strong>Vno</strong></span> <span class='ocrx_word' id='word_1_144' title='bbox 686 2526 747 2593; x_wconf 92' lang='lat' dir='ltr'><strong>pro</strong></span> <span class='ocrx_word' id='word_1_145' title='bbox 775 2499 883 2584; x_wconf 81' lang='grc' dir='ltr'><em>δεξιόν</em></span> <span class='ocrx_word' id='word_1_146' title='bbox 904 2524 972 2568; x_wconf 92' lang='lat' dir='ltr'><strong>non</strong></span> <span class='ocrx_word' id='word_1_147' title='bbox 994 2501 1076 2568; x_wconf 91' lang='lat' dir='ltr'><strong>maIe</strong></span> <span class='ocrx_word' id='word_1_148' title='bbox 1098 2504 1173 2570; x_wconf 89' lang='lat' dir='ltr'><strong>Rei-</strong></span> 
     </span>
     <span class='ocr_line' id='line_1_20' title="bbox 169 2609 543 2696; baseline -0.003 -14"><span class='ocrx_word' id='word_1_149' title='bbox 169 2615 258 2683; x_wconf 83' lang='lat' dir='ltr'><strong>skius</strong></span> <span class='ocrx_word' id='word_1_150' title='bbox 280 2609 374 2696; x_wconf 79' lang='grc' dir='ltr'><em>ὀέξιον</em></span> <span class='ocrx_word' id='word_1_151' title='bbox 396 2619 543 2683; x_wconf 84' lang='lat' dir='ltr'><strong>coniecit.</strong></span> 
     </span>
    </p>

    <p class='ocr_par' dir='ltr' id='par_1_6' title="bbox 167 2717 1172 3152">
     <span class='ocr_line' id='line_1_21' title="bbox 256 2717 1171 2816; baseline -0.001 -23"><span class='ocrx_word' id='word_1_152' title='bbox 256 2728 369 2794; x_wconf 87' lang='lat' dir='ltr'><strong>XXIII.</strong></span> <span class='ocrx_word' id='word_1_153' title='bbox 408 2731 503 2795; x_wconf 74' lang='lat' dir='ltr'><strong>Vsa</strong></span> <span class='ocrx_word' id='word_1_154' title='bbox 525 2717 764 2816; x_wconf 80' lang='grc' dir='ltr'><em>τερπνότατ’ὦ</em></span> <span class='ocrx_word' id='word_1_155' title='bbox 790 2727 903 2813; x_wconf 87' lang='lat' dir='ltr'><strong>scripsi</strong></span> <span class='ocrx_word' id='word_1_156' title='bbox 926 2748 996 2792; x_wconf 92' lang='lat' dir='ltr'><strong>cum</strong></span> <span class='ocrx_word' id='word_1_157' title='bbox 1016 2725 1171 2792; x_wconf 85' lang='lat' dir='ltr'><strong>Jacobsio</strong></span> 
     </span>
     <span class='ocr_line' id='line_1_22' title="bbox 167 2835 1172 2932; baseline -0.004 -24"><span class='ocrx_word' id='word_1_158' title='bbox 167 2843 202 2908; x_wconf 91' lang='lat' dir='ltr'><strong>in</strong></span> <span class='ocrx_word' id='word_1_159' title='bbox 223 2844 310 2906; x_wconf 85' lang='lat' dir='ltr'><strong>notis</strong></span> <span class='ocrx_word' id='word_1_160' title='bbox 333 2861 394 2928; x_wconf 91' lang='lat' dir='ltr'><strong>pro</strong></span> <span class='ocrx_word' id='word_1_161' title='bbox 415 2835 627 2929; x_wconf 68' lang='lat' dir='ltr'><strong>cccccccccc,</strong></span> <span class='ocrx_word' id='word_1_162' title='bbox 649 2861 835 2932; x_wconf 87' lang='lat' dir='ltr'><strong>quamquam</strong></span> <span class='ocrx_word' id='word_1_163' title='bbox 857 2840 962 2926; x_wconf 89' lang='lat' dir='ltr'><strong>possis</strong></span> <span class='ocrx_word' id='word_1_164' title='bbox 985 2840 1078 2902; x_wconf 90' lang='lat' dir='ltr'><strong>etiam</strong></span> <span class='ocrx_word' id='word_1_165' title='bbox 1100 2851 1172 2925; x_wconf 53' lang='grc' dir='ltr'><strong>περὶ</strong></span> 
     </span>
     <span class='ocr_line' id='line_1_23' title="bbox 167 2947 1170 3044; baseline -0.002 -26"><span class='ocrx_word' id='word_1_166' title='bbox 167 2948 309 3021; x_wconf 78' lang='grc' dir='ltr'><em>πνότατ’</em></span> <span class='ocrx_word' id='word_1_167' title='bbox 334 2957 370 3018; x_wconf 79' lang='grc' dir='ltr'><strong>ἐν</strong></span> <span class='ocrx_word' id='word_1_168' title='bbox 392 2947 555 3044; x_wconf 74' lang='grc' dir='ltr'><strong><em>Μούσῃσι.</em></strong></span> <span class='ocrx_word' id='word_1_169' title='bbox 601 2950 684 3018; x_wconf 88' lang='lat' dir='ltr'><strong>Illud</strong></span> <span class='ocrx_word' id='word_1_170' title='bbox 712 2962 818 3017; x_wconf 84' lang='lat' dir='ltr'><strong>tamen</strong></span> <span class='ocrx_word' id='word_1_171' title='bbox 845 2959 1008 3036; x_wconf 86' lang='lat' dir='ltr'><strong>praestare</strong></span> <span class='ocrx_word' id='word_1_172' title='bbox 1035 2949 1170 3017; x_wconf 84' lang='lat' dir='ltr'><strong>videtur.</strong></span> 
     </span>
     <span class='ocr_line' id='line_1_24' title="bbox 168 3058 659 3152; baseline 0 -24"><span class='ocrx_word' id='word_1_173' title='bbox 168 3065 227 3130; x_wconf 86' lang='lat' dir='ltr'><strong>Vs.</strong></span> <span class='ocrx_word' id='word_1_174' title='bbox 243 3067 265 3130; x_wconf 84' lang='lat'><strong>9</strong></span> <span class='ocrx_word' id='word_1_175' title='bbox 286 3062 454 3152; x_wconf 81' lang='lat' dir='ltr'><strong>legebatur</strong></span> <span class='ocrx_word' id='word_1_176' title='bbox 474 3058 659 3149; x_wconf 78' lang='grc' dir='ltr'><em>οὶνώμενος.</em></span> 
     </span>
    </p>

    <p class='ocr_par' dir='ltr' id='par_1_7' title="bbox 165 3169 1292 4045">
     <span class='ocr_line' id='line_1_25' title="bbox 215 3169 1172 3242; baseline -0.001 -1"><span class='ocrx_word' id='word_1_177' title='bbox 215 3169 219 3178; x_wconf 75' lang='grc'><em>“</em></span> <span class='ocrx_word' id='word_1_178' title='bbox 255 3177 370 3242; x_wconf 91' lang='lat' dir='ltr'><strong>XXIV.</strong></span> <span class='ocrx_word' id='word_1_179' title='bbox 409 3178 512 3242; x_wconf 81' lang='lat' dir='ltr'><strong>Vs2</strong></span> <span class='ocrx_word' id='word_1_180' title='bbox 539 3177 713 3242; x_wconf 89' lang='lat' dir='ltr'><strong>Jacobsius</strong></span> <span class='ocrx_word' id='word_1_181' title='bbox 734 3174 898 3242; x_wconf 83' lang='lat' dir='ltr'><strong>Schaeieri</strong></span> <span class='ocrx_word' id='word_1_182' title='bbox 924 3175 1050 3240; x_wconf 86' lang='lat' dir='ltr'><strong>monitu</strong></span> <span class='ocrx_word' id='word_1_183' title='bbox 1072 3171 1172 3240; x_wconf 88' lang='lat' dir='ltr'><strong>edidit</strong></span> 
     </span>
     <span class='ocr_line' id='line_1_26' title="bbox 167 3277 1292 3376; baseline -0.001 -24"><span class='ocrx_word' id='word_1_184' title='bbox 167 3281 257 3375; x_wconf 80' lang='grc' dir='ltr'><strong>ἥρα</strong></span> <span class='ocrx_word' id='word_1_185' title='bbox 278 3308 339 3373; x_wconf 90' lang='lat' dir='ltr'><strong>pro</strong></span> <span class='ocrx_word' id='word_1_186' title='bbox 361 3277 453 3374; x_wconf 80' lang='grc' dir='ltr'><strong>ἧρα,</strong></span> <span class='ocrx_word' id='word_1_187' title='bbox 475 3298 513 3354; x_wconf 90' lang='lat' dir='ltr'><strong>ut</strong></span> <span class='ocrx_word' id='word_1_188' title='bbox 534 3311 616 3374; x_wconf 92' lang='lat' dir='ltr'><strong>quae</strong></span> <span class='ocrx_word' id='word_1_189' title='bbox 638 3290 721 3354; x_wconf 85' lang='lat' dir='ltr'><strong>vs.9</strong></span> <span class='ocrx_word' id='word_1_190' title='bbox 743 3286 900 3376; x_wconf 68' lang='lat' dir='ltr'><strong>legrmtun</strong></span> <span class='ocrx_word' id='word_1_191' title='bbox 922 3280 1031 3367; x_wconf 78' lang='grc' dir='ltr'><em>πάντη</em></span> <span class='ocrx_word' id='word_1_192' title='bbox 1051 3281 1171 3352; x_wconf 80' lang='grc' dir='ltr'><em>πότνια</em></span> <span class='ocrx_word' id='word_1_193' title='bbox 1283 3310 1292 3324; x_wconf 58' lang='grc'><strong>“</strong></span> 
     </span>
     <span class='ocr_line' id='line_1_27' title="bbox 165 3391 1170 3486; baseline -0.001 -23"><span class='ocrx_word' id='word_1_194' title='bbox 165 3405 275 3486; x_wconf 81' lang='grc' dir='ltr'><em>χαῖρε,</em></span> <span class='ocrx_word' id='word_1_195' title='bbox 304 3398 463 3485; x_wconf 81' lang='lat' dir='ltr'><strong>apodosIn</strong></span> <span class='ocrx_word' id='word_1_196' title='bbox 493 3399 643 3464; x_wconf 79' lang='lat' dir='ltr'><strong>efficiant</strong></span> <span class='ocrx_word' id='word_1_197' title='bbox 692 3399 782 3466; x_wconf 86' lang='lat' dir='ltr'><strong>Idem</strong></span> <span class='ocrx_word' id='word_1_198' title='bbox 803 3391 865 3464; x_wconf 82' lang='lat' dir='ltr'><strong>iam</strong></span> <span class='ocrx_word' id='word_1_199' title='bbox 887 3396 1037 3463; x_wconf 85' lang='lat' dir='ltr'><strong>ReisIn&#39;us</strong></span> <span class='ocrx_word' id='word_1_200' title='bbox 1058 3397 1170 3477; x_wconf 74' lang='lat' dir='ltr'><strong>voluit,</strong></span> 
     </span>
     <span class='ocr_line' id='line_1_28' title="bbox 167 3499 1172 3598; baseline -0.002 -23"><span class='ocrx_word' id='word_1_201' title='bbox 167 3507 340 3596; x_wconf 85' lang='lat' dir='ltr'><strong>nisi&#39;quod</strong></span> <span class='ocrx_word' id='word_1_202' title='bbox 363 3507 425 3575; x_wconf 69' lang='grc' dir='ltr'><strong>εἴτε</strong></span> <span class='ocrx_word' id='word_1_203' title='bbox 447 3531 508 3596; x_wconf 90' lang='lat' dir='ltr'><strong>pro</strong></span> <span class='ocrx_word' id='word_1_204' title='bbox 530 3499 554 3591; x_wconf 81' lang='grc' dir='ltr'><strong><em>ἦ</em></strong></span> <span class='ocrx_word' id='word_1_205' title='bbox 575 3512 620 3598; x_wconf 76' lang='grc' dir='ltr'><strong>ῥα</strong></span> <span class='ocrx_word' id='word_1_206' title='bbox 642 3511 809 3577; x_wconf 86' lang='lat' dir='ltr'><strong>scribebat.</strong></span> <span class='ocrx_word' id='word_1_207' title='bbox 852 3509 953 3596; x_wconf 85' lang='lat' dir='ltr'><strong>Quod</strong></span> <span class='ocrx_word' id='word_1_208' title='bbox 977 3531 996 3573; x_wconf 82' lang='lat' dir='ltr'><strong>a</strong></span> <span class='ocrx_word' id='word_1_209' title='bbox 1018 3510 1090 3575; x_wconf 93' lang='lat' dir='ltr'><strong>cod.</strong></span> <span class='ocrx_word' id='word_1_210' title='bbox 1114 3509 1172 3576; x_wconf 91' lang='lat' dir='ltr'><strong>ob-</strong></span> 
     </span>
     <span class='ocr_line' id='line_1_29' title="bbox 166 3613 1170 3710; baseline 0.001 -26"><span class='ocrx_word' id='word_1_211' title='bbox 166 3619 265 3686; x_wconf 89' lang='lat' dir='ltr'><strong>latum</strong></span> <span class='ocrx_word' id='word_1_212' title='bbox 288 3619 381 3686; x_wconf 87' lang='lat' dir='ltr'><strong>alteri</strong></span> <span class='ocrx_word' id='word_1_213' title='bbox 409 3621 495 3687; x_wconf 90' lang='lat' dir='ltr'><strong>haud</strong></span> <span class='ocrx_word' id='word_1_214' title='bbox 523 3632 708 3689; x_wconf 78' lang='lat' dir='ltr'><strong>cunctanter</strong></span> <span class='ocrx_word' id='word_1_215' title='bbox 728 3622 930 3710; x_wconf 80' lang='lat' dir='ltr'><strong>praeferrem.</strong></span> <span class='ocrx_word' id='word_1_216' title='bbox 974 3622 1057 3686; x_wconf 83' lang='lat' dir='ltr'><strong>Nam</strong></span> <span class='ocrx_word' id='word_1_217' title='bbox 1082 3613 1104 3702; x_wconf 80' lang='grc' dir='ltr'><em>ἥ</em></span> <span class='ocrx_word' id='word_1_218' title='bbox 1126 3621 1170 3706; x_wconf 86' lang='grc' dir='ltr'><strong>ῥα</strong></span> 
     </span>
     <span class='ocr_line' id='line_1_30' title="bbox 167 3732 1171 3801; baseline 0 -4"><span class='ocrx_word' id='word_1_219' title='bbox 167 3753 236 3798; x_wconf 91' lang='lat' dir='ltr'><strong>non</strong></span> <span class='ocrx_word' id='word_1_220' title='bbox 257 3735 386 3799; x_wconf 88' lang='lat' dir='ltr'><strong>memini</strong></span> <span class='ocrx_word' id='word_1_221' title='bbox 408 3735 455 3798; x_wconf 90' lang='lat' dir='ltr'><strong>sic</strong></span> <span class='ocrx_word' id='word_1_222' title='bbox 478 3736 648 3799; x_wconf 84' lang='lat' dir='ltr'><strong>coniuncta</strong></span> <span class='ocrx_word' id='word_1_223' title='bbox 670 3732 742 3801; x_wconf 90' lang='lat' dir='ltr'><strong>dici.</strong></span> <span class='ocrx_word' id='word_1_224' title='bbox 795 3733 884 3800; x_wconf 90' lang='lat' dir='ltr'><strong>Nihil</strong></span> <span class='ocrx_word' id='word_1_225' title='bbox 905 3747 1010 3800; x_wconf 85' lang='lat' dir='ltr'><strong>tamen</strong></span> <span class='ocrx_word' id='word_1_226' title='bbox 1032 3742 1171 3798; x_wconf 87' lang='lat' dir='ltr'><strong>mutave-</strong></span> 
     </span>
     <span class='ocr_line' id='line_1_31' title="bbox 167 3842 1171 3931; baseline -0.001 -23"><span class='ocrx_word' id='word_1_227' title='bbox 167 3846 235 3910; x_wconf 91' lang='lat' dir='ltr'><strong>rim.</strong></span> <span class='ocrx_word' id='word_1_228' title='bbox 280 3845 357 3910; x_wconf 82' lang='lat' dir='ltr'><strong>SIne</strong></span> <span class='ocrx_word' id='word_1_229' title='bbox 379 3843 487 3924; x_wconf 91' lang='lat' dir='ltr'><strong>dubio,</strong></span> <span class='ocrx_word' id='word_1_230' title='bbox 509 3849 620 3931; x_wconf 80' lang='lat' dir='ltr'><strong>inquit,</strong></span> <span class='ocrx_word' id='word_1_231' title='bbox 642 3855 674 3911; x_wconf 85' lang='lat' dir='ltr'><strong>te</strong></span> <span class='ocrx_word' id='word_1_232' title='bbox 697 3856 752 3912; x_wconf 91' lang='lat' dir='ltr'><strong>aut</strong></span> <span class='ocrx_word' id='word_1_233' title='bbox 772 3848 877 3912; x_wconf 88' lang='lat' dir='ltr'><strong>Pieria</strong></span> <span class='ocrx_word' id='word_1_234' title='bbox 898 3854 987 3912; x_wconf 90' lang='lat' dir='ltr'><strong>tenet</strong></span> <span class='ocrx_word' id='word_1_235' title='bbox 1008 3854 1063 3909; x_wconf 88' lang='lat' dir='ltr'><strong>aut</strong></span> <span class='ocrx_word' id='word_1_236' title='bbox 1084 3842 1171 3908; x_wconf 89' lang='lat' dir='ltr'><strong>Heli-</strong></span> 
     </span>
     <span class='ocr_line' id='line_1_32' title="bbox 167 3954 1170 4045; baseline 0.001 -26"><span class='ocrx_word' id='word_1_237' title='bbox 167 3975 247 4037; x_wconf 88' lang='lat' dir='ltr'><strong>con,</strong></span> <span class='ocrx_word' id='word_1_238' title='bbox 275 3966 333 4022; x_wconf 90' lang='lat' dir='ltr'><strong>aut</strong></span> <span class='ocrx_word' id='word_1_239' title='bbox 354 3956 434 4022; x_wconf 90' lang='lat' dir='ltr'><strong>alius</strong></span> <span class='ocrx_word' id='word_1_240' title='bbox 457 3955 559 4022; x_wconf 85' lang='lat' dir='ltr'><strong>Musis</strong></span> <span class='ocrx_word' id='word_1_241' title='bbox 581 3959 769 4045; x_wconf 87' lang='lat' dir='ltr'><strong>Venerique</strong></span> <span class='ocrx_word' id='word_1_242' title='bbox 796 3978 887 4023; x_wconf 85' lang='lat' dir='ltr'><strong>sacer</strong></span> <span class='ocrx_word' id='word_1_243' title='bbox 906 3956 1011 4022; x_wconf 89' lang='lat' dir='ltr'><strong>locus:</strong></span> <span class='ocrx_word' id='word_1_244' title='bbox 1039 3954 1170 4021; x_wconf 87' lang='lat' dir='ltr'><strong>ubicun-</strong></span> 
     </span>
    </p>
   </div>
   <div class='ocr_carea' id='block_1_3' title="bbox 167 4065 1168 4243">
    <p class='ocr_par' dir='ltr' id='par_1_8' title="bbox 167 4065 1168 4243">
     <span class='ocr_line' id='line_1_33' title="bbox 167 4065 1168 4152; baseline -0.001 -19"><span class='ocrx_word' id='word_1_245' title='bbox 167 4087 230 4152; x_wconf 91' lang='lat' dir='ltr'><strong>que</strong></span> <span class='ocrx_word' id='word_1_246' title='bbox 245 4077 351 4134; x_wconf 85' lang='lat' dir='ltr'><strong>autem</strong></span> <span class='ocrx_word' id='word_1_247' title='bbox 365 4069 512 4148; x_wconf 85' lang='lat' dir='ltr'><strong>versaris,</strong></span> <span class='ocrx_word' id='word_1_248' title='bbox 534 4068 621 4135; x_wconf 86' lang='lat' dir='ltr'><strong>salve</strong></span> <span class='ocrx_word' id='word_1_249' title='bbox 636 4069 721 4135; x_wconf 89' lang='lat' dir='ltr'><strong>mihi.</strong></span> <span class='ocrx_word' id='word_1_250' title='bbox 755 4072 813 4135; x_wconf 89' lang='lat' dir='ltr'><strong>Vs.</strong></span> <span class='ocrx_word' id='word_1_251' title='bbox 830 4071 849 4135; x_wconf 85' lang='lat'><em>7</em></span> <span class='ocrx_word' id='word_1_252' title='bbox 871 4078 960 4134; x_wconf 87' lang='lat' dir='ltr'><strong>recte</strong></span> <span class='ocrx_word' id='word_1_253' title='bbox 973 4065 1168 4134; x_wconf 86' lang='lat' dir='ltr'><strong>Brunckium</strong></span> 
     </span>
     <span class='ocr_line' id='line_1_34' title="bbox 892 4177 970 4243; baseline 0 0"><span class='ocrx_word' id='word_1_254' title='bbox 892 4180 933 4243; x_wconf 96' lang='lat' dir='ltr'><strong>ll</strong></span> <span class='ocrx_word' id='word_1_255' title='bbox 949 4177 970 4223; x_wconf 81' lang='lat'><em>*</em></span> 
     </span>
    </p>
   </div>
   <div class='ocr_carea' id='block_1_4' title="bbox 0 0 1518 4816">
    <p class='ocr_par' dir='ltr' id='par_1_9' title="bbox 0 0 1518 4816">
     <span class='ocr_line' id='line_1_35' title="bbox 0 0 1518 4816; baseline 0 3"><span class='ocrx_word' id='word_1_256' title='bbox 0 0 1518 4816; x_wconf 95' lang='lat' dir='ltr'><strong> </strong></span> 
     </span>
    </p>
   </div>
  </div>
 </body>
</html>
