3026 4816
460 431 463 437 ’
550 457 836 509 Διοτκοειιοτ
887 422 889 430 1

107 646 109 650 -
190 605 278 674 ἀλλά
298 603 377 672 καθ’
403 603 562 696 ἀμετέρης
582 607 695 691 γενεῆς
716 601 854 695 ῥιγηλάν
875 599 1000 682 ὄνειδος

234 714 351 808 φήμην
372 739 407 783 τε
429 711 588 807 στυγερὴν
609 719 748 810 έφλυσεν
766 715 966 805 Ἀρχίλοχος.

187 827 383 917 Ἀρχίλοχον
404 821 453 914 μά
474 821 579 906 θεοὺς
599 830 656 895 καὶ
678 829 841 914 δαίμονας
863 823 926 895 οὔτ’
952 833 988 894 ἐν
1009 826 1139 914 ἀγυιαῖς

235 939 364 1028 είδομεν
385 933 460 1006 οὔθ’
480 935 592 1029 Ἥρας
613 945 649 1006 ὲν
670 937 801 1024 μεγάλῳ
822 944 954 1026 τεμένει

191 1057 220 1118 ελ
241 1049 271 1118 δ’
297 1041 381 1135 ἦμεν
401 1046 524 1137 μάχλον
544 1053 602 1116 καὶ
623 1045 832 1130 ἀτάσθαλοι,
854 1048 913 1118 οὐκ
935 1045 978 1117 ἀν
999 1057 1121 1130 ἐκεῖνος

234 1156 359 1243 ἤθελεν
381 1160 416 1243 ἐξ
437 1160 547 1248 ἡμέων
567 1156 688 1248 γνήσια
709 1166 808 1228 τέκνα
828 1168 940 1229 τεκεῖν.

635 1309 748 1374 XXIII.

191 1419 344 1512 Σμερδίη
366 1408 393 1484 ὦ
414 1421 467 1487 έπι
491 1421 595 1513 Θρῃκὶ
614 1421 723 1498 τακεὶς
743 1421 801 1486 καὶ
821 1417 866 1486 ἐπ’
892 1421 1032 1507 έσχατον
1053 1417 1178 1502 ὀστοῦν,

234 1527 346 1618 κώμου
366 1534 424 1597 καὶ
445 1527 554 1613 πάσης
575 1534 708 1620 κοίρανε
730 1532 937 1618 παννυχίδος,

190 1637 377 1731 τερπνύταύ
404 1633 431 1707 ὦ
453 1638 627 1735 Μούσῃσιν
644 1638 841 1732 Ἀνάκρεον,
863 1632 957 1708 ἀπὶ
982 1637 1151 1728 Βαθύλλρι

232 1748 363 1842 χλωρὸν
382 1751 463 1842 ὑπὲρ
484 1756 622 1821 κυλίκων
641 1749 783 1820 πολλάκι
803 1748 906 1842 δάκρυ
923 1757 1012 1840 χέας,

191 1859 379 1952 αύτύματαί
398 1888 452 1931 τοι
471 1867 591 1953 κρῆναι
612 1861 827 1950 ἀναβλύζοιεν
849 1858 1000 1954 άκρητον,

235 1971 296 2056 κήκ
317 1970 477 2064 μακάρων
501 1978 644 2065 προχοαὶ
665 1982 821 2064 νέκταρος
842 1973 1038 2065 ἀμβροσίου,

191 2081 376 2172 αὐτόματοι
397 2088 432 2153 δὲ
454 2090 587 2179 φέροιεν
607 2085 675 2168 ίον,
700 2082 739 2154 τὸ
762 2089 961 2180 φιλέσπερον
982 2081 1101 2169 ἀνθος,

234 2198 349 2278 κῆποι,
370 2201 427 2265 καὶ
447 2199 580 2290 μαλακῇ
600 2194 708 2288 μύρτα
729 2202 884 2290 τρέφοιτο
907 2194 1024 2288 δρόσῳ,

192 2304 286 2400 ὅφρα
305 2311 363 2375 καὶ
383 2313 421 2375 ἐν
440 2310 547 2391 Δηοῦς
569 2314 745 2396 οίνωμένος
770 2304 861 2398 ἀβρά
879 2305 1045 2402 χορεύσης,

235 2413 403 2506 βεβληκάς
421 2425 563 2510 χρυσέην
583 2429 699 2510 χεῖρας
719 2419 764 2488 ἐπ’
790 2416 994 2509 Εὐρυπύλην.

635 2572 749 2637 XXIV.

186 2675 351 2747 Ἦδιστον
372 2682 523 2772 φιλέουσι
543 2687 630 2760 νέοις
651 2676 885 2772 προσανάκλιρύ
911 2676 1046 2769 έρύτων,

235 2787 377 2883 Σαπφώ
383 2786 476 2872 ,σὺν
498 2789 654 2872 Μούσαις
674 2783 698 2876 ἦ
718 2788 764 2883 ῥά
786 2814 823 2860 σε
844 2794 967 2880 Πτερίη

190 2898 366 2985 ἢἘλικάν
388 2897 535 2984 εύκισσος
555 2904 614 2975 ίσα
634 2909 813 2973 πνείουσαν
833 2906 971 2982 ἐκείναις

235 3022 365 3102 κοσμεῖ,
387 3010 449 3098 τὴν
467 3014 588 3108 Ἐρέσῳ
611 3018 758 3085 Μοῦσαν
779 3021 815 3083 ἐν
837 3017 981 3096 Αἰολίδι,

192 3121 215 3209 ἢ
235 3128 292 3193 καί
309 3121 415 3214 Ὑμὴν
432 3127 605 3216 Ὑμέναιος
626 3131 707 3216 έχων
729 3125 889 3220 εύφεγγέα
909 3122 1030 3210 πεύκην

236 3232 297 3306 σὺν
320 3241 375 3306 σοὶ
395 3242 580 3332 νυμφιδίων
601 3238 714 3307 ἴσταθἱ
740 3237 819 3328 ὑπὲρ
841 3235 1018 3326 θαλάμων,

191 3345 214 3432 ἢ
236 3347 384 3440 Κινύρεω
405 3356 483 3418 νέον
504 3354 597 3442 έρνος
618 3349 797 3444 ὀδυρομένη
815 3348 997 3443 Ἀφροδίτη

238 3458 430 3551 σύνθρηνος
450 3459 610 3554 μακάρων
630 3457 720 3553 ἱερὸν
742 3456 845 3541 ἀλσος
867 3460 953 3552 ὁρῇς.

193 3567 302 3654 πάντη
324 3567 445 3640 πότνια
463 3581 575 3662 χαῖρε·
600 3579 698 3653 θεοῖς
719 3573 794 3653 ’ίσας
814 3568 880 3664 γάρ
902 3569 1020 3652 ἀοιδάς

237 3679 418 3764 ἀθανάτας
439 3687 555 3774 ἔχομεν
575 3689 636 3755 νῦν
657 3689 704 3754 έτι
724 3689 924 3777 θυγατέρας.

263 3903 363 3962 XXIII.
387 3903 443 3963 Pal.
459 3903 523 3977 Vll,
542 3908 585 3963 31.
609 3906 657 3965 Vs.
675 3911 687 3963 1
708 3912 751 3964 ἰπὶ
773 3905 821 3964 Vs.
837 3909 856 3962 3
873 3906 1034 3982 τερπνότατε
1053 3910 1094 3962 M.
1117 3903 1198 3962 Vs.9

193 3989 333 4064 αἰνύμενος
351 4023 385 4036 -·
407 3991 509 4051 XXIV.
527 3990 583 4050 Pal.
595 3992 659 4063 Vll,
677 3996 738 4051 4⁰7.
761 3992 809 4051 Vs.
825 3995 844 4050 3
860 3992 877 4066 ἦ
897 3998 931 4068 ῥα
953 3991 1002 4050 Vs.
1019 3995 1035 4048 7
1055 3989 1198 4066 ὀδυρομένη

78 4107 80 4112 .
192 4074 272 4135 ναί)
289 4075 416 4136 Reiskius
433 4085 480 4138 ἴσα
497 4083 546 4145 σάς
562 4083 613 4156 γὰρ

940 4172 997 4239 6*
