3028 4826
342 463 397 520 208
686 459 1006 521 confflcTANnA.

464 693 668 746 annaaann
685 691 1032 747 annssanomcnnsn
1049 695 1108 748 nn.
1120 695 1157 762 v,
1176 693 1221 747 εο.

387 812 511 884 Πάντα
527 821 642 898 καλῶς,
664 814 704 885 τό
721 841 758 904 γε
772 812 840 904 μὴν
850 820 975 907 χρυσῆν
991 813 1042 884 ὅτι
1055 815 1117 901 τὴν
1134 816 1348 911 Ἀφροδίτην,

289 1013 291 1017 ι
429 928 528 1016 έξοχα
547 932 604 996 καὶ
625 927 759 996 πάντων
780 923 869 996 εἶπεν
891 927 910 996 ὁ
931 913 1131 1008 Μαιονίδας.

385 1033 427 1122 ἢν
448 1043 509 1128 μὲν
530 1036 594 1129 γάρ
616 1035 656 1108 τὸ
667 1036 829 1129 χάραγμα
843 1046 952 1134 φέρῃς,
974 1043 1080 1134 φίλος,
1103 1038 1177 1109 οὔτε
1191 1039 1348 1133 θυρωρός

429 1156 465 1218 έν
486 1155 600 1232 ποσίν,
627 1145 700 1218 οὔτε
723 1148 808 1218 κύων
830 1159 866 1220 έν
886 1149 1073 1242 προθύροις
1094 1154 1236 1220 δέδεται·

385 1257 428 1345 ἢν
451 1260 482 1329 δ’
502 1267 618 1352 έτέρως
639 1265 750 1356 ἔλθῃς,
772 1266 828 1331 καὶ
851 1262 870 1330 ὁ
888 1265 1072 1354 Κέρβερος·
1095 1255 1121 1330 ὦ
1141 1267 1333 1332 πλεονέκται

431 1378 464 1441 οἱ
484 1377 628 1442 πλοῦτον
649 1377 766 1456 πενίην
787 1373 831 1454 ὡς
852 1373 990 1442 ἀδικεῖτε
1012 1370 1119 1462 μόνοι

341 1523 464 1588 Ultimo
492 1543 604 1601 versu,
638 1543 731 1608 quem
760 1521 914 1609 adscripsi
947 1533 984 1588 ut
1011 1525 1046 1588 in
1081 1522 1191 1588 codice
1218 1521 1345 1612 legitur,
1382 1601 1385 1605 ⁴

341 1634 522 1700 Brunckius
546 1632 647 1699 edidit
668 1624 695 1700 ὦ
715 1633 908 1699 πλεονέκται
929 1638 961 1700 οί
982 1629 1139 1716 πλούτου,
1161 1635 1277 1714 πενίην
1300 1671 1345 1684 -

342 1745 444 1833 Quod
471 1746 526 1831 qui
552 1749 666 1811 merito
694 1747 806 1811 reiecit
831 1742 1017 1825 Jacobsius‚
1045 1749 1114 1833 ipse
1142 1734 1278 1811 tentavit
1305 1743 1347 1812 οὐ

340 1856 499 1936 πλοῦτον,
527 1857 644 1937 πενίην
672 1853 771 1934 δ’ὡς
798 1853 937 1930 ἀδικεῖτε
965 1852 1079 1943 μόνοι,
1107 1861 1279 1938 sententia,
1308 1866 1346 1923 ut

284 1999 287 2006 ¹
340 1969 418 2034 mihi
445 1965 583 2048 videtin,
612 1969 729 2034 ieiuna.
781 1967 991 2034 scribendum
1020 1970 1129 2055 potius
1157 1959 1196 2034 ὦ·
1210 1969 1346 2035 πλεονέ-

340 2102 432 2160 κται,
454 2071 621 2146 ἄπλουτον
638 2082 757 2176 πενίην
780 2075 823 2156 ὡς
844 2076 983 2146 ἀδικεῖτε
1003 2075 1111 2166 μόνοι.

629 2425 830 2477 masana
847 2425 906 2476 nan
922 2424 976 2493 τι,
993 2421 1056 2476 νιυ.

379 2531 438 2605 Ἕκ
457 2542 537 2604 ποτέ
559 2563 608 2617 τις
631 2548 782 2630 φρικτοῖο
805 2537 892 2614 θεοῖς
916 2539 1137 2624 σεσοβημένος
1159 2537 1278 2630 οίστρῳ
1351 2571 1354 2578 ·

428 2646 616 2735 ῥομβητούς
639 2651 760 2717 δονέων
782 2651 999 2734 λυσσομανεῑς
1019 2644 1217 2735 πλοκάμους,

384 2757 478 2849 ίθρις
499 2756 600 2850 ἀνὴρ,
622 2763 778 2827 κοιλῶπιν
799 2755 935 2848 ὀρειάδα
957 2756 1080 2826 δύσατυ
1102 2765 1233 2850 πέτραν,

428 2873 539 2950 Ζανὸς
560 2874 779 2960 έλαστρηθείς
799 2878 971 2959 γυιοπαγεί
990 2867 1116 2963 νιφάδι

384 2979 443 3051 τὸν
465 2985 500 3050 δέ
522 2981 775 3072 κενάρρίγητος
796 2985 973 3073 ἐπείσδορε
994 2977 1202 3072 ταυροφόνος
1223 2978 1305 3071 θήρ,

428 3101 474 3172 είς
494 3089 554 3161 τὸν
574 3089 631 3164 έὸν
651 3089 828 3183 προμολών
850 3089 980 3185 φωλεὸν
1001 3097 1158 3181 ἑσπέριος.

219 3258 221 3263 ·
339 3243 447 3307 Versu
480 3243 575 3306 tertio
609 3239 702 3328 ἰ’θρις
729 3241 885 3306 Huschkii
918 3243 1082 3330 sagacitati
1115 3238 1249 3306 debetur
1279 3263 1344 3327 pro

339 3350 431 3441 ίδρις.
481 3351 548 3417 Sed
576 3355 692 3417 rectius
720 3353 784 3417 hoc
811 3374 930 3419 nomen
960 3348 1053 3439 ἴδρις
1081 3352 1175 3417 scribi
1203 3351 1344 3417 videtur.

339 3466 447 3530 Versu
469 3466 581 3549 quinto
606 3462 678 3528 cod.
700 3463 767 3529 Pal.
795 3458 854 3529 τὸν
875 3464 910 3529 δέ
932 3485 995 3530 κεν.
1040 3464 1130 3530 Plan.
1152 3466 1199 3547 τῷ
1221 3463 1255 3528 δέ
1275 3475 1344 3530 κεν.

251 3641 255 3652 ,
338 3574 520 3641 Brunckius
540 3565 589 3659 τῷ
611 3559 645 3640 δέ
668 3597 728 3641 τοι.
779 3573 949 3641 Jacobsius
971 3569 1070 3641 τάνδε
1091 3577 1156 3654 καί,
1178 3573 1344 3640 eandem

339 3665 572 3775 speluncam
594 3688 768 3755 intravit
789 3686 865 3753 leo.
899 3687 1004 3752 Unice
1026 3709 1136 3753 verum
1157 3685 1207 3751 'est
1225 3682 1286 3751 τὸν
1307 3687 1345 3753 δὲ

337 3795 407 3885 μέτ’
435 3795 611 3886 ἀρρίγητος
634 3805 709 3877 etc,
738 3796 826 3885 quod
854 3798 1020 3864 confirmat
1042 3801 1097 3885 qui
1119 3797 1253 3863 candem
1274 3819 1344 3864 rem

339 3913 486 3975 tractavit
502 3907 691 3990 Simonides,
713 3913 767 3995 qui
791 3909 907 3976 dicitur
926 3913 961 3976 in
975 3909 1107 3976 Anthol.
1121 3909 1190 3976 Pal.
1205 3909 1261 3989 Vl,
1276 3911 1344 3976 217

337 4023 398 4087 τοῦ
426 4022 461 4086 δὲ
488 4017 561 4086 κατ’
580 4018 669 4108 ίχνος
689 4017 864 4113 βουφάγος
892 4027 937 4100 είς
957 4022 1073 4101 κοίλην
1097 4013 1248 4111 ἀτραπὸν
1270 4014 1343 4086 ἷκτο

1289 4132 1344 4197 λέ·
