3026 4816
348 431 399 488 130
613 423 876 487 renotatio
901 425 1088 486 corriel.

347 581 499 648 revocavi
527 601 565 645 er
587 579 659 646 cod.
681 580 915 665 κεκλαυμένου,
947 578 1036 666 quod
1057 579 1134 644 mibi
1156 579 1285 666 quidem
1307 602 1356 646 sa-

347 695 389 759 tis
418 701 527 779 aptum
555 691 684 758 videtur
711 689 851 778 sepulcri
880 692 1062 777 epitheton,
1090 691 1356 779 quemadmodum

347 806 465 892 passim
485 798 611 888 τύμβος
633 803 749 869 dicitur
769 797 1003 880 πολύκλαυτος.
1046 802 1123 867 Vid.
1146 803 1290 869 Boeckh.
1314 805 1356 870 ad

348 913 740 1003 Corp.1nscr.v01.11,
768 937 800 1001 p.
826 915 898 980 164.
949 916 1028 979 Non
1056 914 1133 979 ferri
1161 924 1272 1001 potest
1293 921 1356 982 nec

348 1027 437 1115 quod
451 1026 633 1093 Brunclrius
657 1025 757 1091 edidit
779 1047 817 1091 er
831 1025 921 1092 Plan.
943 1026 1168 1111 κεκλαυμένου,
1190 1048 1253 1092 nec
1267 1026 1356 1114 quod

347 1138 519 1206 Jacobsius
538 1139 669 1202 coniicit
683 1139 906 1223 κεκλυσμένον.
940 1138 1005 1203 Pro
1019 1129 1116 1202 κενὸν
1130 1136 1201 1203 cod.
1218 1133 1338 1204 κενεόν.

436 1251 579 1316 LXXIV.
617 1248 766 1335 Append.
789 1248 879 1315 Plan.
904 1248 954 1315 ed.
975 1247 1086 1334 Stepb.
1108 1271 1140 1335 p.
1159 1250 1223 1316 517
1248 1249 1355 1315 Theo

348 1366 429 1428 crito
452 1360 572 1427 tribuit.
606 1363 665 1426 Vs.
679 1363 702 1428 3
724 1382 793 1427 non
810 1371 891 1448 puto
907 1360 984 1426 ferri
999 1381 1098 1447 posse
1111 1361 1245 1440 πολλῆς,
1267 1361 1354 1448 quod

348 1473 390 1539 de
418 1481 553 1562 augusta
575 1475 679 1559 patria
705 1475 934 1560 interpretatur
953 1471 1135 1538 Jacobsius.
1184 1473 1355 1561 ingeniose

347 1586 499 1650 Heinsius
521 1583 666 1650 tentabat
679 1578 798 1668 βώλου.
836 1583 930 1669 Quae
953 1582 1008 1648 alii
1027 1587 1255 1649 tentaruntvix
1278 1605 1356 1670 ope-

347 1718 403 1762 rae
424 1698 561 1783 pretium
584 1705 633 1760 est
653 1695 784 1760 referre.

435 1807 561 1872 LXXV.
606 1808 664 1872 Vs.
685 1807 708 1872 3
736 1805 857 1872 hiatum
883 1800 983 1886 πνοιὴ
1005 1801 1078 1892 ἅμα
1102 1804 1189 1872 tollit
1209 1805 1355 1872 Jacobsii

349 1921 509 1984 correctio
537 1913 638 1998 πνοιή
659 1914 700 1983 θ’
726 1911 799 2004 ἅμα
820 1912 908 2003 κῦμά
931 1940 965 1983 τε
985 1913 1118 1996 ναύτας.
1170 1917 1236 1984 Sed
1259 1921 1354 1984 etiam

350 2033 509 2097 sententia
537 2027 699 2116 displicet,
734 2051 797 2117 qua
823 2039 995 2116 tempestas
1023 2029 1117 2095 simul
1144 2029 1354 2097 Promacbum

348 2141 528 2230 perdidisse
551 2150 584 2206 et
611 2139 699 2206 unda
727 2150 840 2208 nautas
857 2143 903 2224 in
931 2163 1017 2207 mare
1044 2141 1200 2208 deiecisse
1222 2141 1354 2219 dicitur;

348 2254 405 2321 ubi
426 2253 619 2320 Promacbus
642 2273 711 2317 non
731 2261 819 2316 recte
842 2254 946 2318 nautis
962 2254 1149 2338 opponitur,
1186 2252 1276 2318 Nihil
1299 2253 1354 2320 de·
1494 2229 1496 2256 ¹

348 2364 542 2431 siderabitur
564 2365 592 2430 si
614 2364 792 2449 scripseris:

392 2468 570 2542 oi'isoe'xai
591 2469 779 2563 Προμάχου
800 2486 899 2555 πνοιη
919 2477 994 2553 νέα,
1020 2475 1108 2560 κῦμα
1131 2475 1166 2542 δὲ
1186 2471 1311 2554 ναύτας

435 2581 571 2676 ἀθρόον
592 2591 626 2663 ἐς
647 2586 762 2667 κοίλην
783 2583 989 2677 ἐστυφέλιξεν
1010 2580 1087 2651 ἅλα.

348 2700 442 2786 Quae
470 2701 532 2763 iam
562 2699 683 2785 optime
712 2706 745 2762 et
766 2699 852 2762 inter
878 2719 914 2762 se
937 2706 970 2762 et
992 2719 1063 2763 cunr
1084 2698 1353 2784 praecedentibus

347 2819 476 2878 coeunt.
521 2809 716 2875 Promachus
744 2807 913 2874 nauclerus
941 2811 1065 2896 etipse
1088 2830 1169 2877 unus
1194 2812 1255 2878 luit
1277 2834 1355 2879 nau-

347 2934 459 2990 tarum.
502 2922 561 2985 Vs.
579 2923 600 2985 4
623 2930 711 2986 recte
732 2919 905 2988 Jacobsius
928 2928 1036 2986 tuetur
1055 2921 1171 3001 κοίλην
1191 2918 1267 3002 sca,
1289 2946 1352 3010 pro

348 3057 413 3122 quo
435 3033 615 3099 Brunclrius
638 3025 758 3113 πολιὴν
779 3027 847 3097 diu
868 3030 1008 3097 volebat
1059 3033 1101 3096 V.
1125 3033 1354 3101 Wernickium

348 3145 390 3213 ad
413 3145 560 3232 Thrypb.
581 3167 613 3231 p.
636 3145 713 3208 222.

434 3257 579 3323 LXXVI.
623 3257 703 3321 Non
730 3253 884 3321 credibile
912 3263 962 3320 est
988 3254 1180 3337 Leonidam,
1210 3278 1354 3343 praeser-

287 3387 290 3394 '
348 3373 403 3436 tim
431 3372 466 3435 in
487 3378 551 3434 tam
573 3365 666 3433 brevi
689 3370 841 3448 carmine,
869 3366 1010 3433 ultimam
1032 3371 1067 3433 in
1094 3369 1256 3448 Τέλληνος
1279 3379 1352 3434 ante

348 3476 405 3547 ὅδε
433 3479 633 3568 produxisse.
685 3480 788 3545 Poeta
815 3479 942 3565 scripsit
969 3483 1039 3546 sinc
1062 3479 1161 3545 dubio
1190 3480 1354 3561 Τέλληνος

347 3593 408 3678 μέν
430 3589 449 3659 ὁ
470 3586 602 3678 τύμβος.
643 3590 816 3678 Sequentia
839 3590 965 3657 exhibui
986 3594 1078 3657 utin
1101 3591 1172 3657 cod.
1188 3590 1352 3681 leguntur.

348 3705 385 3769 ln
414 3704 573 3790 corruptis
601 3702 709 3768 verbis
741 3697 806 3770 ύπὸ
834 3699 947 3787 βώλεω
982 3702 1061 3769 latet
1093 3703 1283 3769 adiectivum
1311 3702 1354 3768 ad

347 3815 494 3904 πρέσβυν
514 3815 725 3894 referendum,
749 3836 776 3880 e.
793 3837 819 3879 c.
835 3810 1000 3896 ύθλύδεα,
1021 3837 1224 3904 nugacem.
1253 3817 1312 3880 Vs.
1330 3818 1353 3881 2

346 3929 477 4016 πρᾶτον
504 3929 617 4016 scripsi
647 3949 685 3993 er
714 3926 786 3993 cod.
814 3947 875 4014 pro
897 3928 1036 4013 πρῶτον.
1087 3928 1140 3993 De
1164 3926 1300 3992 Tellene
1321 3951 1353 3993 v.

348 4041 427 4104 Hist
451 4038 544 4105 Com.
566 4061 670 4128 graec.
693 4062 724 4125 p.
746 4041 799 4106 38.
