3028 4826
510 465 827 528 conmortuos.
1116 471 1169 525 227

214 617 290 688 ἀντὶ
311 616 341 686 δ’
362 616 589 687 όκοντοδόκων
610 617 740 708 ἀνδρῶν
761 625 906 705 μνημεῖα
927 613 1123 684 θανόντων

258 724 359 822 εἴασχ’
379 727 533 819 ἐμψύχων
555 727 615 798 ἅδε
636 731 772 797 κέκευθε
793 726 892 807 κόνις.

171 867 205 932 Si
234 865 373 932 lemmati
394 867 541 932 Palatino
569 866 667 946 fides,
694 869 844 954 scriptum
872 866 936 931 hoc
965 886 1091 930 carmen
1112 864 1172 948 fuit
1202 859 1204 864 ’

170 982 204 1044 in
220 982 402 1044 memoriam
421 979 618 1046 Graecorum
641 980 696 1066 qui
717 977 802 1065 apud
823 976 1097 1065 Eurymedontem
1119 997 1172 1042 oo

171 1089 358 1156 cubuerunt.
390 1091 546 1157 Simonidi
561 1089 752 1156 abiudicavit
766 1088 1036 1154 Schneidewinus.
1063 1089 1171 1153 Versu

170 1205 273 1288 primo
302 1204 412 1267 nescio
443 1224 484 1266 an
506 1204 606 1268 τῶνδέ
628 1197 701 1268 ποτ’
721 1206 757 1266 ἐν
784 1204 947 1288 στέρνοισι
971 1199 1170 1266 scribendum

170 1316 219 1377 sit
253 1313 407 1399 Quartum
422 1335 548 1378 versum
564 1335 624 1399 pro
640 1314 844 1400 supposititio
866 1311 978 1377 habuit
991 1311 1170 1378 Jacobsius.

169 1423 324 1512 Equidem
347 1424 425 1489 nihil
447 1424 498 1489 hic
519 1425 609 1490 bono
624 1434 730 1511 ¹poeta
751 1423 917 1512 indignum
938 1421 1045 1502 video,
1071 1422 1170 1489 modo

170 1556 251 1621 quae
287 1547 434 1623 corrupta
463 1546 537 1602 sunt
571 1545 660 1601 recte
689 1535 904 1601 emendentur.
961 1533 1171 1601 Scribendum

171 1649 253 1711 enim
283 1639 384 1737 εἴασχ’
406 1643 562 1736 ιύιμόχων.
614 1641 767 1712 Inanimia
792 1646 922 1711 fortium
942 1648 1083 1712 virorum
1104 1667 1172 1712 mo-

170 1768 320 1823 numenta
348 1759 426 1824 dicit
454 1780 526 1824 ossa
556 1769 763 1825 mortuorum.
809 1756 876 1824 Cir.
903 1758 1004 1823 Poeta
1030 1761 1171 1824 incertus

170 1869 317 1957 Append.
345 1870 477 1936 Jacobs.
506 1874 571 1937 229
599 1864 705 1959 λυγροὶ
734 1871 864 1955 γονεῦσι
891 1862 994 1936 λιπών
1020 1866 1171 1957 μνημήϊα

169 1984 292 2047 τέκνον.

569 2091 769 2102 ,,....------

349 2311 353 2319 s
480 2232 856 2307 summasunmna.

206 2343 338 2436 Ὥμοσό
359 2370 426 2431 σοι,
448 2352 614 2441 Κρονίδη,
635 2348 812 2440 μηπώποτε
834 2346 911 2435 μηδ’
931 2352 1005 2434 ἐμοὶ
1027 2346 1116 2432 αὐτῷ

256 2459 391 2542 ἐξειπεῖν
414 2457 433 2528 ό
456 2487 488 2528 τι
509 2487 568 2550 μοι
593 2463 707 2541 Θεῦδις
728 2465 811 2528 ἔειπε
833 2460 958 2544 λαβεῖν.

212 2567 302 2663 ψυχὴ
325 2568 395 2654 δὴ
419 2571 618 2652 δασόπιστος
639 2572 847 2661 ἀγαλλομένη
869 2567 1050 2652 πεπότηται

255 2681 341 2771 ηέρι,
362 2686 418 2751 καὶ
441 2684 552 2766 στέξαι
572 2679 730 2770 τάγαθὸν
753 2681 792 2750 οὐ
814 2683 969 2749 δύναται·

214 2791 285 2860 ἀλλ’
305 2799 398 2882 ἐρέω,
421 2792 592 2882 σύγγνωθι
614 2791 654 2862 σύ
674 2817 747 2882 μοι·
770 2790 899 2875 „astucia
919 2817 956 2879 γε
977 2797 1155 2872 πέπεισται,

257 2906 323 2972 Ζεῦ
343 2903 481 2996 πότερ.“
507 2903 677 2992 ἀγνώστου
698 2908 747 2983 τίς
766 2902 862 2994 χάρις
884 2902 1046 2990 εὐτυχίηςς

170 3053 277 3120 Versu
299 3056 394 3118 tertio
417 3049 616 3129 δοσόπιστος
639 3075 676 3117 ex
692 3050 763 3117 cod.
779 3052 845 3116 Pal.
867 3054 1000 3139 primum
1023 3051 1171 3118 aSchae-

170 3164 239 3230 fero
269 3164 310 3230 ad
336 3164 474 3251 Dionys.
504 3164 543 3230 C.
565 3165 607 3229 V.
635 3188 666 3251 p.
690 3165 733 3229 89
761 3172 944 3228 revocatum
973 3173 1034 3240 est;
1069 3164 1169 3252 vulgo

171 3270 353 3352 δύσπιστος.
388 3275 453 3341 Sed
474 3280 600 3355 rectius,
622 3278 746 3362 opinor,
769 3275 931 3361 scripseris
948 3270 1171 3353 δοσόπειστος,

169 3387 271 3451 male
300 3396 525 3468 contumax,
554 3387 603 3453 cll.
626 3386 793 3454 Lobeckio
823 3386 863 3451 ad
887 3389 972 3450 Aiac.
999 3408 1072 3474 pag.
1097 3388 1169 3451 lto.

171 3497 373 3563 Rarissimam
395 3520 508 3564 vocem
527 3497 706 3565 Parmenidi
728 3501 861 3564 restitue
882 3495 968 3584 apud
989 3495 1117 3562 Suidam
1139 3520 1169 3562 v.

170 3605 225 3684 ὡςε
253 3610 454 3694 θαυμασίως
482 3607 526 3686 ὡς
554 3605 821 3676 δυσανάπειστον.
871 3607 1057 3697 Legendum
1080 3609 1170 3672 θαυ-

153 3714 263 3803 μάσι’
283 3715 326 3796 ὡς
354 3715 585 3800 δυσόπειστον,
613 3724 749 3787 mirum
778 3723 819 3786 in
846 3719 1000 3785 modum
1028 3729 1171 3784 contu-

170 3853 323 3896 macem.
367 3831 567 3898 Adiectivum
590 3826 802 3912 δνσόπιστος,
826 3834 847 3898 i.
870 3854 898 3897 e.
920 3831 1020 3898 male
1042 3830 1170 3917 perfi-

171 3940 257 4022 dus,
285 3953 440 4009 memorat
467 3965 534 4008 non
566 3941 671 4009 addita
701 3945 912 4031 explicatione
940 3943 1170 4020 Grammaticus
1214 3987 1217 3992 -

171 4051 316 4120 Crameri
338 4055 456 4122 Anecd.
482 4056 512 4136 l,
533 4078 564 4144 p.
589 4058 661 4124 107.
714 4056 779 4122 Sed
807 4058 835 4122 ie
862 4074 990 4142 quoque
1018 4037 1170 4122 δοσόπει-

892 4165 970 4232 15*
