3016 4808
314 437 352 492 24
660 440 972 490 ΑΣΚΛΗΠΙΛΔΟΥ

313 727 414 798 Ὀκτιύ
434 755 496 819 μευ
517 728 629 820 πήχεις
650 727 749 821 ἄπεχε
775 740 910 823 τρηχεῖα
930 729 1103 816 θάλασσα,

242 873 244 882 ’
360 843 418 910 καί
438 841 573 930 κύμαινε
594 840 663 930 βόα
683 842 719 910 θ’
745 842 845 926 ἡλίκα
866 865 921 912 σοι
942 841 1096 933 δύναμις·

316 950 359 1037 ἢν
380 956 415 1022 δὲ
437 949 496 1023 τὸν
516 952 677 1047 Εύμοίρεω
698 957 846 1048 καθέλῃς
865 951 991 1048 τοίφον,
1013 951 1096 1024 ἄλλο
1117 958 1178 1042 μὲν
1200 953 1296 1024 οὐδέν

360 1061 516 1158 κρήγυον,
538 1064 684 1158 εὑρήσεις
705 1065 736 1134 δ’
762 1065 862 1134 ὀστέα
883 1070 940 1134 καὶ
961 1065 1110 1150 σποδιήν.

728 1216 906 1282 XXXVIII.

313 1315 355 1410 ᾮ
375 1322 450 1414 παρ’
475 1319 556 1414 ἐμδν
578 1328 714 1414 στείχων
734 1321 830 1393 κενὸν
851 1323 948 1418 ἠρίον
969 1322 1061 1395 είπδν
1083 1326 1189 1409 muz,
1289 1405 1293 1412 ,

361 1441 407 1515 είς
430 1438 519 1504 Χίον
541 1427 600 1504 εὖτ’
627 1432 670 1506 δν
691 1440 758 1531 ἴνη,
778 1440 881 1527 πατρὶ
903 1435 1138 1530 Μελησαγόρῃ,

318 1546 362 1627 ὡς
383 1550 438 1635 ἐμὲ
459 1550 520 1635 μὲν
541 1550 598 1615 καὶ
618 1552 685 1632 νη”α
706 1551 763 1616 καὶ
784 1551 946 1640 ἐμπορίην
966 1546 1066 1631 κακὸς
1087 1540 1195 1640 Εὖρος

362 1654 495 1741 ὤλεσεν,
517 1656 669 1728 Εὐίππου
691 1658 721 1728 δ’
748 1655 830 1728 αύτδ
851 1660 984 1729 λέλειπύ
1010 1656 1127 1749 ὄνομα.

720 1835 920 1857 -οι-

643 2021 673 2086 Λ
697 2018 724 2084 E
746 2019 788 2085 Ω
811 2020 847 2086 Ν
871 2021 889 2087 Ι
913 2022 943 2084 Δ
966 2021 996 2087 Α

682 2148 956 2199 nummo?

741 2290 892 2300 ι--μ-ι-

808 2417 833 2482 1.

321 2520 429 2608 Μηλιδ
450 2529 507 2595 καὶ
528 2524 672 2618 Σατύρη
693 2521 897 2608 ταννήλικες,
916 2524 1155 2612 Ἀνειμενείδεω

363 2640 493 2718 παῖδες,
514 2641 570 2706 ταὶ
592 2642 756 2708 Μουσέων
777 2636 906 2705 εύκολοι
926 2634 1101 2722 ἐργάτιδες,

321 2744 430 2831 Μηλιδ
450 2751 512 2838 μὲν
534 2745 689 2829 Μούσαις
711 2751 900 2837 Πιμπληίσι
920 2743 997 2826 τούς
1017 2751 1214 2836 ταχυχειλεῖς

364 2855 486 2939 αὐλούς
501 2847 563 2928 ,καὶ
583 2858 707 2942 ταύτην
727 2858 863 2942 πύξινον
885 2855 1079 2942 αύλοδόκην,

320 2970 342 3054 η
364 2974 506 3065 φίλερως
526 2968 669 3062 Σαιύρη
692 2973 727 3040 δὲ
748 2967 810 3039 τὸν
832 2978 969 3060 ἕσπερον
990 2969 1215 3058 οίνοποτήρων
1283 3039 1286 3044 .

364 3078 551 3172 σύγκωμον,
572 3085 662 3174 κηρῷ
683 3082 876 3172 τευξομένη,
899 3079 1034 3163 δόνακα,

319 3189 403 3278 ἡδύν
424 3195 620 3286 σνριστῆρα,
642 3189 704 3263 σύν
724 3186 751 3280 ᾦ
772 3189 1021 3287 πανεπύρφνιος
1042 3192 1091 3276 ἠῶ

363 3301 507 3393 ηύγασεν
527 3303 672 3385 αὐλείοις
693 3303 733 3374 ού
754 3312 915 3378 κοτέουσα
935 3301 1068 3394 θύραις.

800 3453 840 3519 11.

319 3559 526 3633 Εύθύσανον
546 3560 652 3646 ζώνην
672 3587 727 3631 τοι
747 3561 834 3650 ὁμοῦ
853 3567 912 3631 καὶ
932 3561 1027 3631 τόνδε
1049 3558 1211 3631 κύπασσιν

360 3676 482 3756 Ἀτθὶς
501 3677 696 3767 παρθενίων
717 3677 825 3759 θῆκεν
849 3671 976 3765 ὕπερθε
997 3677 1123 3765 θυρῶν,

388 3897 525 3956 XXXVII.
543 3897 779 3969 Ρε1.ν1,284.-
795 3897 901 3957 XXXV
903 3897 946 3957 [Π.
965 3895 1165 3969 Pal.v11‚50⁰.
1179 3931 1211 3941 -
1230 3896 1249 3954 l.
1267 3895 1323 3953 Pal.

320 3983 354 4054 V,
371 3988 433 4044 2⁰6.
450 3983 529 4042 Μ
547 3991 593 4042 καὶ
605 3987 722 4044 Μουσῶν
739 3983 819 4043 Vs.6
837 3984 898 4043 sort.
917 3990 1064 4060 ζευξαμένη,
1083 3983 1162 4044 Vs.8
1180 3982 1242 4040 sort.
1261 4007 1325 4055 συγ-

319 4075 448 4130 νοτίουσα
466 4104 500 4115 -
517 4070 549 4130 ΙΙ.
568 4070 623 4130 Pal.
637 4071 684 4140 VI,
702 4075 764 4128 202.
