3028 4826
319 440 372 493 202
663 431 987 494 conmortuus.

627 634 783 688 ARCHIA.
801 636 860 688 Pal·
873 636 940 704 VII,
959 632 1020 688 140.

272 746 274 751 ’
364 753 435 820 Καὶ
454 756 589 839 γενέταν
603 751 779 838 corinthiis
794 751 850 816 καὶ
872 743 1000 834 οὕνομα
1013 752 1070 817 καὶ
1084 745 1201 837 χθόνα
1217 747 1329 842 φώνει,

408 860 531 944 στάλα,
553 867 610 930 καὶ
630 864 715 946 ποία
734 863 810 949 κηρὶ
833 862 947 946 δαμεὶς
969 863 1104 928 ἔθανεν.

363 973 486 1064 Πατὴρ
508 979 568 1064 μὲν
584 977 750 1076 Πρίαμος,
772 973 818 1057 γοῖ
834 969 865 1038 δ’
877 966 988 1053 Ἴλιον,
1010 967 1138 1058 οὔνομα
1152 971 1182 1040 δ’
1192 971 1327 1064 Ἕκτωρ,

408 1067 504 1177 ὦνερ,
529 1085 609 1175 ὑπὲρ
630 1082 761 1174 πάτρας
783 1082 813 1151 δ’
833 1079 933 1150 ὤλετο
954 1080 1173 1174 μαρνάμενος.

319 1227 427 1290 Versu
448 1227 543 1290 tertio
565 1221 727 1288 Planudes
749 1216 913 1309 γεννήτωρ
936 1223 1108 1307 Πρίαμος,
1135 1244 1173 1286 ex
1194 1222 1326 1288 manife-

320 1348 367 1402 sta
389 1336 649 1424 interpolatione.
686 1336 787 1400 Recte
810 1334 981 1399 Jacohsius
1003 1328 1112 1423 πατήρ
1135 1333 1327 1399 insolentio-

319 1453 362 1513 ris
385 1451 484 1529 vocis,
506 1470 568 1535 qua
590 1447 723 1514 Archias
745 1467 822 1512 usus
838 1455 895 1528 est,
917 1449 1230 1533 interpretamentum
1254 1467 1326 1512 esse

320 1565 445 1638 statuit;
467 1559 525 1625 sed
546 1581 608 1646 pro
632 1565 736 1647 φῖτνς,
759 1557 847 1645 quod
861 1561 978 1646 reponi
992 1559 1104 1638 voluit,
1125 1558 1226 1624 multo
1248 1580 1326 1645 pro-

318 1672 453 1738 babilius
476 1681 525 1738 est
539 1671 686 1736 Archiam
709 1673 873 1758 scripsisse
888 1665 1009 1760 φάταρ.
1045 1669 1153 1735 Schol.
1170 1670 1325 1758 Aeschyli

318 1787 423 1850 Prom.
441 1785 507 1850 233
530 1777 641 1873 φάτωρ
664 1779 683 1848 ὁ
701 1778 821 1871 πατήρ.
856 1782 1044 1868 Hesychius,
1069 1777 1228 1870 Φύτορεςε
1250 1804 1325 1866 γεν-

318 1893 462 1985 νήτορες.
506 1897 718 1980 Frequentior
739 1895 834 1960 huius
855 1897 945 1958 vocis
966 1915 1042 1958 usus
1069 1896 1172 1960 estin
1195 1915 1325 1980 compo-

320 2011 396 2087 sitis,
417 2031 448 2074 v.
472 2030 498 2072 c.
523 2005 608 2094 apud
630 2006 756 2071 Platon.
771 2005 907 2073 Phaedr.
930 2029 962 2093 p.
976 2007 1042 2072 252
1057 2005 1085 2070 b.
1107 2003 1320 2096 πτεροφτίτορ

320 2115 480 2204 ἀνάγκην,
510 2129 543 2185 εί
565 2118 651 2205 apud
673 2117 852 2184 Leonidam
876 2121 1005 2184 Tarent
1028 2117 1151 2197 XVIII,
1175 2120 1193 2182 l
1218 2115 1324 2204 άμπε-

320 2226 481 2322 λοφύτορι
496 2225 626 2316 Βάκχῳ.
660 2230 788 2316 Quibus
812 2229 963 2317 exemplis
985 2233 1078 2295 etiam
1095 2252 1243 2296 mensura
1265 2252 1324 2296 no

319 2345 411 2409 mihis
434 2339 545 2434 φάτωρ
570 2345 784 2430 cognoscitur,
808 2364 846 2407 ex
867 2363 932 2429 quo
948 2352 1092 2429 apertum
1115 2352 1254 2408 estnon
1275 2365 1325 2406 re-

320 2464 371 2520 cte
397 2453 478 2520 illud
501 2453 542 2520 G.
564 2452 770 2522 Dindorfium
796 2453 952 2542 Sophocli
982 2454 1095 2518 Trach.
1121 2457 1204 2521 1031
1234 2457 1326 2520 resti-

320 2575 422 2633 tutum
449 2569 553 2633 ivisse.

723 2657 921 2668 *—

596 2797 822 2853 concisurus
839 2800 899 2852 να.
913 2800 966 2867 rx,
985 2796 1046 2851 εστ.

364 2912 482 2994 Νῆσον
503 2907 564 2995 τὴν
586 2919 613 2980 εὶ
634 2916 691 2980 καί
711 2937 752 2998 με
778 2908 1042 3005 περιγράψαντες
1063 2916 1191 3002 ἔχουσιν

407 3027 569 3114 μετρῆσαι
589 3019 704 3110 βαιάν,
728 3019 811 3091 ἑπτά
832 3022 937 3110 μόνον
960 3028 1121 3106 σταδίους,

363 3137 466 3222 ἔμπης
487 3139 543 3202 καὶ
564 3139 740 3203 τίκτουσαν
762 3134 811 3202 ἐπ’
832 3131 951 3202 αὔλακι
972 3149 1053 3227 πῖαρ
1077 3132 1220 3227 ἀρούρης

407 3240 499 3335 άψει,
521 3249 576 3313 καὶ
597 3241 723 3324 παντὸς
743 3243 909 3336 κάρπιμον
931 3245 1122 3340 άκροδράου,

318 3415 324 3424 .
362 3359 418 3424 καὶ
439 3358 574 3436 πολλοῖς
596 3351 736 3447 εάαγρον
758 3355 808 3424 ἐπ’
827 3354 955 3445 ίχθάσι,
977 3363 1035 3426 καὶ
1054 3355 1119 3427 ὑπὸ
1140 3363 1243 3453 μοίρῃ

406 3465 577 3556 εὐάνεμον,
599 3473 738 3556 λιμένων
759 3468 788 3536 τ’
807 3465 907 3552 ἤπιον
928 3470 1073 3566 άτρεμίῃ,

361 3575 489 3666 ἀγχόθι
509 3577 682 3669 Κορκύρης
707 3583 903 3664 Φαιακίδος·
927 3579 1013 3650 άλλά
1032 3585 1201 3671 γελᾶσθαι

406 3692 453 3776 τῷ
473 3694 679 3777 ἐπιωρίσθην
700 3691 788 3761 τοῦτ’
808 3695 936 3781 ἐθέμην
959 3692 1075 3783 ὄνομα.

211 3827 213 3831 ’
318 3831 419 3894 Recte
440 3829 520 3894 haec
541 3828 582 3894 ad
604 3829 738 3916 Sybota,
759 3832 894 3896 vicinam
916 3831 1084 3920 Corcyrae
1106 3831 1249 3911 insulam,
1272 3854 1323 3898 re

318 3941 450 4008 ferenda
473 3963 543 4008 esse
565 3941 647 4007 vidit
661 3942 819 4018 Reiskius.
857 3944 944 4010 Idem
966 3945 1129 4009 verissime
1151 3965 1198 4008 vs.
1217 3945 1234 4008 l
1257 3965 1321 4030 pro

318 4055 446 4138 ἔχουσιν
468 4057 605 4120 correxit
627 4055 765 4138 ἐροῦσιν,
788 4059 876 4122 cuius
899 4055 1129 4123 emendationis
1151 4057 1322 4121 necessita-
