3026 4816
329 461 381 514 134
597 455 857 517 Annorl'rlo
880 456 1066 518 csslrlcl.

417 606 516 675 XCII.
549 610 639 675 νε.1
656 609 728 676 cod.
744 605 920 688 ἐποίκτειος.
951 611 1131 676 Bnmckius
1145 616 1331 690 ὲιιακταῖος.

328 720 499 787 Jacobsius
527 715 678 798 ἑπάκτιος
700 716 752 798 ὡς.
795 722 887 787 Bene
907 722 1100 788 Brunclrius.
1144 724 1217 788 Nisi
1242 723 1333 788 molis

329 831 515 909 tumidior
542 854 612 897 eum
639 832 816 898 Lobeclrio.
868 835 927 899 νε.
950 836 971 900 5
1000 826 1105 919 ἄγρης
1132 840 1167 900 lx
1194 830 1333 918 πρώτης.

329 944 463 1009 Primam
493 963 586 1032 quam
615 942 701 1009 dicat
722 954 884 1031 capturam
905 966 973 1010 non
999 944 1156 1034 intelligo.
1207 946 1334 1035 Legen-

330 1053 406 1119 dum
433 1053 560 1120 videtur
586 1047 691 1142 ἄγρης
719 1059 755 1121 ἐκ
776 1053 901 1145 aquine,
929 1059 1126 1122 matutina
1156 1066 1332 1144 captura.

329 1166 520 1253 Saepissime
543 1167 626 1231 ¹enim
653 1176 772 1253 poetae
801 1171 1066 1256 epigrammatarii
1088 1176 1235 1232 accurate
1256 1178 1335 1233 tem·

329 1300 390 1366 pus
411 1278 555 1354 indicant
576 1299 640 1365 quo
662 1281 698 1358 is,
720 1282 808 1344 cuius
825 1281 1060 1344 mememoriam
1083 1277 1255 1359 celebrant,
1276 1300 1334 1367 pe·

329 1392 427 1454 rierit.
473 1389 531 1454 Vs.
555 1391 597 1455 12
623 1399 776 1477 sequutus
798 1412 867 1456 sum
889 1389 1045 1479 scaligeri
1067 1389 1333 1455 emendationem.

329 1500 442 1589 Vulgo
464 1483 627 1586 ᾖρίιιιιιιος
647 1496 787 1587 yonam.

417 1609 533 1677 XCIII.
571 1613 673 1678 νε.2
701 1611 773 1677 cod.
807 1606 939 1702 θρασὺς
967 1622 1000 1678 et
1021 1613 1080 1677 Vs.
1103 1613 1142 1678 ll
1172 1606 1334 1700 θράσεος.

329 1721 419 1789 Plan.
453 1718 584 1809 Θάρσυς
612 1733 645 1789 et
676 1718 836 1812 Θάρσιιος.
893 1722 1073 1789 Bnmckius
1102 1734 1135 1789 et
1160 1723 1337 1789 Jacobsius

334 1835 459 1923 θρᾶσις
474 1844 506 1900 et
524 1828 698 1919 θρᾶσιὸος.
730 1835 779 1900 Ae
793 1855 870 1901 saue
889 1830 1062 1923 Θράσιδος,
1083 1838 1229 1924 genitivo
1251 1857 1335 1916 casu,

329 1946 481 2012 habemus
509 1944 596 2032 apud
624 1946 758 2012 Pausan.
787 1945 837 2012 El.
860 1947 919 2025 111,
942 1951 972 2012 4.
1030 1946 1097 2012 Sed
1124 1948 1188 2011 hoe
1216 1966 1337 2012 nomen

334 2053 459 2148 Θράσις
479 2056 681 2124 scribendum
704 2079 774 2123 esse
798 2067 831 2123 et
851 2079 920 2123 non
941 2079 1032 2124 secus
1055 2079 1094 2122 ae
1118 2052 1250 2144 Θράσυς
1271 2060 1336 2144 pri-

330 2192 411 2235 mam
433 2172 605 2256 corripere,
627 2179 660 2235 et
682 2168 829 2258 analogia
853 2168 950 2234 docet
972 2178 1005 2234 et
1025 2169 1193 2234 Minervae
1216 2189 1337 2258 eogno-

330 2303 404 2347 men
429 2262 549 2370 Θραιιι)
572 2279 715 2346 ostendit
740 2279 826 2368 apud
846 2280 1009 2368 Lycophr.
1039 2278 1130 2347 Cass.
1153 2282 1227 2346 936.
1273 2280 1336 2345 Ita-

330 2415 403 2479 que·
418 2387 550 2480 θάρσυς
572 2402 605 2458 et
622 2387 774 2481 Θάρσυος
795 2392 998 2458 scribendum
1020 2401 1096 2472 erat,
1118 2401 1154 2457 ut
1171 2389 1260 2457 Plan.
1282 2392 1337 2455 ha-

329 2505 393 2570 bet.
437 2506 566 2569 Nomen
584 2499 716 2591 Θράσυς
736 2502 888 2570 habemus
910 2507 944 2569 iu
965 2502 1060 2568 titulo
1084 2501 1170 2589 apud
1191 2500 1335 2568 Boeclrh.

330 2615 397 2682 vol.
419 2617 443 2696 I,
466 2639 497 2702 p.
514 2616 580 2681 816
602 2637 633 2680 n.
651 2617 745 2695 1690,
768 2617 820 2682 13.
853 2618 950 2681 νε.4
972 2609 1091 2701 deducor
1113 2612 1185 2678 cod.
1216 2610 1338 2680 Ἰόνιον

329 2729 419 2793 Plan.
464 2728 564 2793 ver
595 2714 632 2793 εὖ
656 2729 742 2812 μίγα
770 2746 831 2813 pro
867 2719 988 2811 ιίίμεγα
1014 2724 1213 2792 Sehaeferus.
1266 2723 1336 2792 cfr.

330 2838 472 2904 Lobeck.
494 2836 597 2904 Paral.
620 2861 652 2924 p.
667 2840 742 2903 221.
782 2840 878 2905 Vns
901 2837 973 2904 eod.
996 2831 1052 2902 ἄπ’
1069 2834 1211 2923 ίβροξεν.
1245 2835 1336 2901 Plan.

331 2947 521 3036 ἀπέβρυξεν.
554 2948 726 3015 Jacobsius
748 2946 945 3035 ἀπίβριιξειι,
968 2952 1023 3037 qui
1036 2958 1123 3014 recte
1145 2946 1186 3012 de
1208 2949 1258 3012 his
1272 2949 1339 3013 Ior-

331 3065 389 3126 mis
411 3065 521 3126 statuit
546 3061 587 3125 ad
610 3061 706 3126 Auth.
728 3060 796 3127 Pal.
819 3063 871 3141 IX,
894 3063 923 3126 l.
948 3061 978 3126 4.
1022 3059 1116 3126 Adde
1138 3058 1337 3136 Lobeclrium

331 3171 372 3237 ad
394 3172 512 3236 Buttm.
535 3171 644 3238 Gram.
666 3175 737 3237 mai.
760 3174 799 3254 IL
822 3196 853 3260 p.
876 3175 950 3239 129.

418 3281 535 3349 XCIV.
570 3284 627 3348 νε.
644 3288 663 3349 4
687 3305 746 3371 pro
762 3278 901 3362 Φιλλιιλς
920 3282 1065 3373 Scaliger
1082 3276 1236 3359 Φυλλιύς.
1270 3281 1339 3348 Sed

330 3395 363 3460 id
391 3395 513 3484 gentile
536 3405 584 3461 est
606 3395 646 3460 ab
675 3394 756 3462 urbe
778 3395 990 3461 Macedoniae
1016 3389 1147 3471 Φίλλις
1167 3394 1221 3459 vel
1246 3393 1337 3460 (ltel-

330 3505 417 3583 λοῦς.
461 3508 545 3571 Nam
570 3506 736 3587 Φυλλίδης
764 3509 798 3572 in
827 3506 920 3574 titulo
950 3505 1036 3594 apud
1062 3505 1207 3572 Boeclrh.
1234 3497 1337 3592 Corp.

219 3656 221 3660 ,
330 3618 429 3683 lusor.
451 3639 483 3683 ιι.
500 3619 595 3698 1690,
616 3619 639 3684 3
662 3627 712 3684 est
732 3639 752 3682 a
770 3613 946 3699 now),
967 3627 1004 3684 ut
1022 3617 1181 3696 Φιλλίδας
1202 3617 1338 3682 11:1514

405 3801 437 3868 *l
474 3800 587 3868 suidas,
612 3807 720 3868 Φυλλίς,
743 3804 760 3866 ἡ
782 3803 832 3858 τοῦ
850 3807 966 3876 δένδρου.
990 3807 1034 3857 καλ
1051 3801 1151 3873 oliam
1172 3799 1339 3874 ὁμουσικός.

332 3886 510 3944 scribendum
527 3887 628 3954 Φίλλις,
646 3895 677 3944 ut
694 3886 765 3944 idem
784 3889 903 3965 scriptor
920 3897 1033 3945 vocatur
1050 3909 1065 3944 a
1080 3885 1164 3944 Suida
1181 3906 1207 3943 v.
1227 3886 1339 3942 σκολιόν.

331 3972 402 4030 Aliis
420 3972 536 4031 fortasse
554 3975 654 4030 rectius
673 3972 772 4031 dicitur
786 3980 882 4041 Φίλλις,
901 3982 932 4031 ut
949 3982 1105 4031 constanter
1121 3973 1250 4030 scribitur
1266 3969 1341 4049 apud

330 4058 505 4119 Athenaeum.
536 4059 618 4139 Apud
637 4059 729 4119 Schol.
748 4061 877 4138 Dionysii
895 4059 993 4118 Thrac.
1010 4081 1037 4138 p.
1054 4060 1108 4116 783
1124 4059 1294 4134 Πυθόδωρος
1312 4062 1341 4115 m

332 4146 391 4217 [ὥς]
410 4154 435 4203 ἓν
453 4149 489 4218 τῷ
508 4153 568 4223 περὶ
586 4154 720 4221 στοιχείων
738 4145 842 4224 dodariis
859 4146 983 4220 ὁιίὴλιος
1000 4154 1026 4204 ὲν
1037 4151 1074 4218 τῷ
1093 4152 1153 4223 περὶ
1167 4143 1268 4222 χρόνων
1286 4147 1341 4218 πρὸ
