3026 4816
582 1380 839 1467 lllllllllllll
865 1381 1060 1466 celrici

749 1607 894 1616 —-—

535 1793 817 1874 rmismcns
841 1813 1111 1872 morsurus.

412 1953 734 2024 ΜΝΑΣΛΛΚΟΥ
756 1953 1045 2023 ΣΙΚΥΩΝΙΟΥ.
1097 1956 1229 2022 Servavi
1259 1958 1325 2023 edi-

320 2078 384 2134 tam
406 2071 593 2156 scripturam
610 2066 938 2148 ΜΝΛΣΑΛΚΟΥ,
961 2091 1054 2155 quam
1077 2077 1261 2134 constanter
1279 2079 1326 2134 te-

319 2190 377 2245 net
397 2179 559 2246 Palatinus
581 2180 741 2267 habetque
763 2179 930 2269 Meleager
952 2181 1048 2246 Anth.
1070 2179 1138 2245 Pal.
1153 2181 1210 2261 fv,
1229 2183 1258 2260 1,
1281 2183 1324 2246 46

211 2385 219 2392 x
321 2286 530 2356 Μνασάλκοα
551 2315 586 2356 τε
608 2287 713 2377 κόμας
736 2287 894 2378 ὀξατόροα
915 2294 1038 2368 πίτυος.
1079 2293 1152 2357 Nisi
1173 2295 1201 2357 is
1224 2294 1325 2358 Μνα-

320 2397 460 2480 autnon
482 2406 622 2490 scripsit,
646 2424 663 2466 a
685 2413 775 2468 recto
804 2424 879 2468 casu
903 2398 1122 2484 Μνασάλκης.
1169 2406 1217 2468 Ea
1241 2407 1325 2469 enim

319 2517 466 2580 usitatior
487 2515 581 2580 huius
604 2517 742 2579 nominis
766 2515 867 2579 forma
889 2516 960 2594 fuit,
979 2537 1072 2601 quam
1090 2537 1131 2581 ne
1154 2518 1187 2580 in
1210 2516 1324 2581 dorico

225 2654 228 2658 ·
309 2626 447 2712 'quidem
469 2629 606 2691 carmine
629 2628 761 2692 evitavit
783 2626 1008 2692 Theodoridas
1031 2626 1126 2694 Anth.
1150 2627 1217 2692 Pal.
1240 2629 1324 2706 Xlll,

318 2739 362 2804 21
386 2733 606 2814 Μνασάλκεος
628 2732 666 2803 τὸ
690 2740 786 2824 σᾶμα
811 2741 857 2803 τῶ
878 2738 1068 2803 Πλαταΐδα.
1114 2738 1184 2806 Cfr.
1207 2740 1324 2805 Athen.

320 2849 377 2928 IV,
399 2873 431 2936 p.
450 2852 513 2916 163
530 2874 551 2914 α
574 2860 607 2914 et
629 2849 748 2915 Strabo
770 2843 824 2930 IX,
845 2875 877 2938 p.
893 2851 958 2915 632
981 2873 1011 2912 α.
1045 2850 1197 2916 Similiter
1219 2861 1324 2916 tamen

235 3043 237 3047 ,
319 2979 355 3040 jn
376 2960 502 3026 Sitalcis
524 2964 654 3027 nomine
675 2965 832 3041 variatur,
856 2960 944 3048 quod
967 2959 1021 3025 alii
1042 2957 1228 3042 Σιτάλκης,
1259 2985 1325 3041 ους,

325 3071 380 3137 alii
401 3067 588 3152 Σιτάλκας,
611 3098 666 3153 nv,
689 3073 837 3138 efferunt.
888 3074 930 3137 V.
954 3071 1076 3139 Comic.
1099 3095 1202 3162 graec.
1225 3073 1270 3152 11,
1292 3097 1323 3160 p.

322 3187 396 3250 408.
433 3184 486 3249 De
508 3188 601 3271 poesi
622 3185 802 3264 Mnasalcis,
825 3208 916 3272 quam
939 3185 979 3250 ab
1002 3189 1145 3251 acumine
1168 3207 1326 3250 commen-

321 3295 376 3360 dat
398 3294 578 3384 Meleager,
610 3296 833 3363 Theodoridas
856 3295 877 3361 l.
900 3295 921 3361 1.
944 3319 1055 3384 parum
1077 3297 1256 3362 honorifice
1279 3299 1325 3362 iu-

322 3407 419 3487 dicat,
447 3407 508 3484 τᾶς
530 3407 708 3493 Σιμωνίδα
735 3402 864 3485 πλάτας
892 3403 1143 3496 &nuncupamur
1173 3430 1243 3474 eum
1268 3429 1326 3472 vo-

319 3540 395 3583 cans
418 3528 451 3583 et
473 3521 576 3584 inanis
598 3520 768 3586 verborum
792 3522 942 3606 strepitus
966 3525 1083 3585 crimen
1107 3524 1141 3585 in
1157 3542 1228 3585 eum
1250 3540 1326 3584 con-

255 3707 257 3712 ,
319 3630 435 3695 ferens.
486 3631 643 3696 Neutrum
665 3634 700 3697 in
724 3651 776 3710 ea,
805 3652 885 3716 quae
909 3630 1013 3698 adhuc
1037 3640 1221 3719 supersunt,
1249 3653 1327 3717 poe-

319 3744 415 3806 matia
443 3742 541 3822 cadit,
572 3765 705 3830 quorum
735 3740 857 3806 nullum
889 3752 938 3807 est
966 3746 1043 3829 quin
1071 3742 1271 3830 simplicitate
1294 3756 1327 3806 et

320 3853 489 3918 affectuum
513 3857 647 3920 veritate
670 3853 917 3921 commendetur.
964 3856 1074 3941 ltaque
1098 3852 1326 3919 Theodoridae

320 3966 470 4031 iudicium
495 3988 532 4031 ex
554 3965 712 4032 simultate
736 3964 885 4052 quadam,
912 3988 993 4051 quae
1017 3968 1047 4030 ei
1070 3988 1138 4031 cum
1163 3963 1326 4030 Mnasalce

321 4080 544 4157 intercesserit,
566 4077 776 4165 repetendum
799 4077 934 4143 videtur.
