3028 4826
521 446 840 516 consectanei.
1130 454 1183 510 17⁵

223 611 250 672 ελ
271 599 336 694 γάρ
352 601 448 671 ’τοῦτ’
475 601 602 683 εἴποιτ’,
629 595 665 670 εὖ
686 605 774 670 τέλοι
795 600 915 670 αὐτίκα
936 603 992 670 καὶ
1014 600 1096 682 Ζεύς
1163 642 1169 656 ·

268 711 379 805 οὔριος
398 713 558 804 ὑμετέρας
578 713 751 783 πυεύσετάι
774 721 819 794 εὶς
841 710 983 793 ὀθόνας.

179 853 216 918 Ιιι
237 853 286 917 his
309 854 418 939 priora
441 851 576 917 disticha
598 850 678 917 nihil
701 849 897 919 difficultatis
919 851 1048 917 habent
1079 852 1182 917 Poeta

180 966 263 1028 circa
296 961 542 1050 Hellespontum
573 984 705 1030 versans
739 984 838 1028 naves
871 963 1054 1029 inferiorem
1088 965 1183 1028 maris

179 1078 300 1164 Aegaei
321 1084 445 1162 partem
460 1077 617 1162 petituras
630 1083 734 1164 rogat,
755 1084 793 1140 ut
809 1077 837 1139 si
850 1073 985 1140 insulam
1002 1072 1078 1140 Con
1093 1094 1184 1161 prae-

179 1187 374 1254 terlabentcs
396 1190 430 1252 in
452 1185 547 1252 litore
568 1187 724 1252 Phanium
744 1186 885 1266 videant,
905 1187 981 1252 huic
1001 1185 1184 1252 ardentissi-

178 1322 264 1365 mum
298 1322 389 1365 suum
420 1319 559 1363 amorem
589 1306 754 1364 testentur.
810 1298 876 1364 Sed
903 1319 1020 1387 magna
1048 1295 1184 1363 difficul-

179 1422 244 1478 tate
266 1415 396 1498 quintus
418 1431 529 1474 versus
551 1412 721 1496 premitur,
745 1431 837 1495 quem
859 1408 1031 1476 Jacobsius
1054 1409 1122 1475 iere
1146 1431 1183 1475 ex

178 1523 331 1589 Brunchii
354 1525 513 1588 sententia
536 1521 685 1602 exhibuit,
707 1523 769 1586 nisi
791 1520 878 1608 quod
898 1525 927 1587 is
949 1542 1011 1608 pro
1033 1517 1184 1606 ἀγγεῖλαι
1228 1549 1229 1552 “

178 1639 349 1722 scripserat
369 1631 585 1719 ἀγγείλασθε.
630 1632 763 1700 Codicis
784 1632 882 1698 lectio
904 1633 984 1698 haec
1006 1642 1067 1697 est:
1094 1629 1179 1699 τοῦτ’

178 1748 255 1824 έπος
284 1743 455 1830 άγγείλάτε
476 1739 561 1825 καλὴ
583 1747 657 1822 υοὲς
678 1738 722 1822 άς
743 1765 783 1831 με
805 1745 937 1830 κομίζει.
988 1743 1094 1830 Quam
1115 1765 1182 1810 non

177 1867 265 1922 recte
288 1856 485 1923 emendatam
508 1878 579 1924 esse
602 1866 746 1944 apertum
762 1867 818 1923 cst.
852 1858 1083 1944 ineptissimum
1099 1859 1181 1922 enim

180 1979 230 2033 est
251 1991 349 2034 naves
378 1971 417 2034 iis
439 1967 547 2034 verbis
574 1972 634 2048 uti,
661 1968 774 2054 quibus
802 1972 873 2057 ipse
901 1979 1000 2056 poeta
1020 1954 1182 2054 'praesens

178 2089 377 2166 praesentem
406 2079 547 2168 puellam
582 2079 797 2169 compellaret
847 2082 958 2168 ltaque
989 2079 1070 2146 illud
1097 2073 1182 2160 καλὴ

178 2173 234 2257 υυέ
262 2191 477 2258 infelicissime
506 2195 717 2282 excogitatum
747 2214 817 2259 esse
844 2193 963 2259 iudico.
1017 2193 1066 2258 Ut
1092 2191 1183 2257 brevi

181 2301 292 2383 dicam,
314 2302 405 2369 locus
427 2308 473 2369 ita
495 2303 711 2392 expediendus
733 2315 794 2370 est:

223 2412 313 2481 τοῦτ’
339 2417 416 2492 έπος
438 2413 636 2501 άμγείλιιιτε,
657 2417 758 2482 καλαὶ
778 2419 862 2494 υέες,
884 2409 928 2492 ὥς
947 2437 989 2501 με
1009 2413 1133 2500 κομίζει

267 2529 379 2611 ἵμερος
401 2524 441 2593 οὐ
460 2523 602 2606 ναύταν,
623 2528 725 2593 ποσσὶ
746 2526 781 2591 δὲ
803 2523 995 2614 πεζοπόρου.

180 2636 256 2723 Quo
285 2636 364 2702 nihil
391 2638 432 2703 ad
454 2642 552 2704 totius
574 2640 719 2702 carminis
740 2641 929 2705 sententiam
957 2640 1074 2725 aptius,
1102 2636 1182 2703 nihil

178 2748 361 2836 simplicius.
404 2753 519 2816 Restat
540 2753 691 2836 septimus
712 2772 833 2832 versus,
854 2772 948 2837 quem
969 2750 1106 2816 fortasse
1127 2749 1183 2814 alii

179 2860 359 2947 expedient.
403 2863 476 2927 Hoc
504 2884 601 2928 unum
628 2861 808 2953 intelligere
831 2863 907 2927 mihi
928 2861 1057 2941 videor,
1083 2861 1183 2928 verba

178 2962 214 3037 εὖ
235 2974 323 3038 τέλοι
344 2995 448 3060 neque
471 2997 542 3039 cum
558 2972 691 3041 Graelio
714 2977 749 3039 in
771 2965 1011 3041 εὖστέλλοισδ’
1028 2995 1090 3040 nec
1110 2998 1181 3040 cum

177 3083 332 3150 Jacobsio
354 3087 389 3150 in
411 3082 464 3150 άεὶ
486 3075 521 3151 εὖ
541 3086 636 3152 πέλοι
653 3084 803 3151 mutanda
819 3108 898 3166 esse,
920 3085 978 3152 sed
994 3083 1096 3150 latere
1117 3085 1182 3150 for-

179 3216 236 3260 san
258 3198 293 3260 in
314 3198 353 3260 iis
376 3195 566 3262 adiectivum
589 3194 797 3283 εὐπέμπελοι,
824 3200 844 3262 i.
868 3219 895 3263 e.
919 3191 1103 3286 εὐάρεστοι,
1125 3197 1181 3263 fa-

178 3305 295 3387 ciles,
319 3308 604 3394 obsequiosae.
655 3311 704 3374 Ea
724 3331 807 3375 voce
828 3331 906 3375 usus
930 3318 980 3374 est
1000 3309 1181 3398 Aeschylus
1297 3379 1301 3387 ,

178 3419 312 3484 Eumen.
335 3421 401 3486 470
428 3410 527 3486 αὗται
548 3419 579 3486 δ’
601 3423 710 3508 έχουσι
735 3428 860 3510 μοῖραν
888 3416 947 3486 οὐκ
973 3417 1181 3508 εὐπέμπελον,

178 3527 265 3615 quod
294 3532 415 3617 optime
436 3534 665 3619 interpretatur
691 3532 892 3599 scholiastes:
920 3528 1042 3622 άμερῆ,
1070 3529 1182 3621 εὐάρε-

179 3629 279 3706 occu*
294 3637 490 3731 δυσάρεστοι
512 3640 609 3735 φύσει
630 3646 712 3712 εἰσὶν
733 3636 840 3712 αὗται.
885 3645 983 3733 Apud
1004 3644 1182 3712 Hesiodum

179 3752 267 3840 Opp.
297 3756 360 3820 722
395 3755 623 3846 δυσπέμφελος
656 3756 843 3822 scholiastes
877 3757 1014 3844 explicat
1042 3751 1183 3844 σκληρὸς
1219 3751 1221 3757 ’

178 3865 235 3928 καὶ
262 3861 467 3951 δυσάγωγος,
494 3863 694 3957 δυσάρεστος
720 3871 778 3935 καὶ
800 3865 1035 3946 άσυνδύαστος.
1085 3866 1181 3934 Plura

177 3976 363 4062 suppeditat
384 3978 424 4043 H.
448 3979 628 4066 Stephanus
648 3980 745 4046 Thes.
767 3982 805 4046 L.
827 3980 868 4047 G.
890 4004 921 4048 v.
945 3981 1180 4071 δυσπέμφελος.

145 4086 149 4106 ’
177 4083 331 4154 Ceterum
353 4091 490 4158 navibus
510 4090 659 4158 mandata
681 4091 764 4172 dari,
791 4091 907 4180 quihus
930 4089 1060 4180 perlatis
1082 4090 1182 4195 felici-
