3026 4816
454 454 716 515 annoanlo
740 453 926 514 carrica
1143 460 1193 514 lll

188 611 359 696 πολίχνιον
379 603 526 697 Κρήτης.
560 601 701 697 Παρνὸς
722 602 760 684 ὅς
781 602 813 694 ῥ’
833 609 882 674 ἐνὶ
903 609 991 671 παίω
1014 609 1195 693 ολγνῶσσον

189 733 303 808 τεῖχος.
336 720 448 786 Scribe
464 713 598 797 Παισὸς
620 714 676 799 ,ὅς
691 715 722 806 ῥ’
737 719 786 784 ἑνὶ
800 720 942 803 Παισῷ“
963 719 1015 797 „ct
1028 715 1195 786 Κνωσσόν

188 830 218 898 τ’
245 830 359 919 εἷχον.“
403 833 604 897 Postremum
626 831 690 896 hoc
712 839 761 895 est
784 851 822 895 ex
843 828 880 895 11.
903 831 934 909 2,
955 832 1030 896 664.

395 1146 641 1207 ΙιΙλθΝῙΜβ
660 1143 983 1206 mmmmm.

275 1283 300 1344 1.
337 1279 433 1344 ven
456 1276 527 1342 cod.
548 1277 664 1354 παῖδες
678 1272 719 1341 θ’
738 1279 782 1356 αἱ,
805 1274 891 1341 unde
910 1285 999 1341 recte
1012 1276 1192 1343 Brunckius

188 1392 303 1468 παῖδας
324 1392 390 1456 ταί.
428 1387 529 1475 Quod
543 1388 714 1454 Jacobsius
731 1386 863 1453 volebat
883 1388 1056 1452 παιδίσκαι
1077 1387 1191 1455 dubito

188 1526 264 1569 num
291 1503 367 1568 icm'
388 1503 507 1588 possit3
535 1500 692 1579 παιδίσκη
720 1520 787 1565 non
814 1509 863 1565 cst
890 1498 995 1579 iilia,
1024 1477 1081 1565 seri
1109 1521 1193 1565 ser·
1229 1489 1231 1493 ¹

188 1609 291 1681 vula'.
330 1614 495 1678 Μουσέων
515 1632 576 1698 pro
594 1611 741 1676 Μουσῶν
762 1611 951 1678 Brunckius.
986 1612 1082 1676 Vati
1103 1613 1193 1699 κηρῷ

187 1724 376 1812 τευξομένη.
415 1723 528 1788 Tibiae
552 1744 589 1788 ex
612 1745 684 1788 cera
705 1743 774 1787 non
796 1722 1017 1802 conficiuntur,
1039 1722 1097 1789 scd
1120 1746 1193 1789 cera

188 1840 372 1926 iunguntur.
423 1836 506 1900 Nam
536 1833 621 1921 apud
651 1835 788 1924 Theocr.
817 1836 846 1914 Ι,
870 1836 934 1902 129
969 1830 1068 1900 τάνδε
1102 1839 1191 1926 φέρω

187 1956 326 2014 πακτοῖο
347 1949 525 2034 μελίπνονν
547 1952 582 2030 ἐκ
603 1949 692 2033 καρῶ
713 1939 861 2032 σύριγγα,
882 1945 982 2010 verba
1003 1952 1038 2012 ἐκ
1051 1955 1191 2015 πακτοῖο

187 2061 278 2148 καροῖ
299 2082 318 2125 a
339 2060 517 2143 μελίπνονν
538 2056 689 2145 pendent.
726 2059 837 2143 ltaque
853 2057 929 2123 vide
951 2080 993 2123 ne
1015 2056 1191 2146 ζευξαμένη

100 2215 102 2220 -
188 2171 389 2238 scribendum
418 2173 474 2250 sit,
503 2169 554 2236 cll.
579 2168 715 2235 Platone
736 2169 833 2234 Anth.
861 2168 928 2233 Pal.
950 2171 1011 2249 IX,
1039 2172 1105 2236 823
1133 2172 1193 2246 ἱεὶς

188 2284 325 2364 ζευκτῶν
342 2283 453 2369 χεῖλος
473 2279 553 2368 ὑπὲρ
577 2275 733 2347 δονάκων.
771 2281 866 2346 vac
888 2279 1075 2360 Dorvillius‚
1098 2303 1191 2368 quem

188 2394 369 2462 Brunckius
391 2402 542 2480 sequutus
566 2402 628 2470 est,
659 2389 800 2470 αὐλείοις
821 2396 1036 2482 λγκροτέονσα
1057 2389 1191 2480 θύραις.

187 2509 367 2573 R'evocavit
394 2505 465 2570 cod.
494 2504 667 2569 lectionem
693 2505 878 2582 Jacobsius,
906 2503 964 2570 scd
985 2508 1029 2569 ita
1051 2514 1087 2570 ut
1107 2505 1192 2570 Dor-

187 2620 347 2685 villianam
368 2619 525 2682 rationem
548 2637 616 2681 non
637 2615 734 2703 plane
756 2615 943 2704 repudiasse
963 2617 1119 2682 videatur.
1156 2618 1191 2682 Si

188 2753 265 2797 sana
295 2739 343 2794 est
371 2728 457 2793 edita
485 2727 599 2809 lectio,
627 2729 736 2794 verbis
764 2725 804 2794 οὐ
825 2732 984 2794 κοτέουσα
1006 2727 1190 2794 facilitatem

190 2855 222 2910 et
243 2844 429 2931 patientiam
459 2843 588 2928 exprimi
618 2840 748 2921 dixeriS‚
775 2863 836 2927 qua
858 2839 990 2905 tibicina
1012 2850 1110 2906 totam
1132 2862 1191 2926 per

187 2966 314 3022 noctem
349 2975 449 3039 usque
479 2954 520 3018 ad
549 2952 626 3018 solis
661 2963 767 3018 ortum
797 2953 1039 3019 comissantibus
1071 2951 1190 3032 aderat,

187 3069 311 3134 toribus
334 3087 415 3153 quae
438 3065 709 3154 oppugnabantur
732 3086 800 3130 non
821 3068 911 3131 irata.
955 3064 1062 3130 Multo
1085 3073 1191 3129 tamen

187 3185 293 3268 aptius
315 3183 349 3245 in
371 3181 560 3243 contrariam
585 3188 706 3264 partem
730 3177 888 3243 diceretur
909 3179 1056 3264 Satyrum
1079 3180 1191 3243 comia-

186 3292 330 3357 santibus
353 3279 612 3356 adolescentibus
633 3293 678 3356 ita
700 3289 823 3370 favisse,
850 3301 885 3357 ut
907 3293 975 3376 ipsa
999 3293 1093 3355 etiam
1115 3289 1191 3354 iori-

186 3405 247 3470 bus
284 3424 365 3489 quae
394 3401 614 3491 astringendae
647 3412 754 3468 essent
780 3405 979 3468 irasceretur.
1034 3403 1189 3467 Nimirum

185 3507 412 3603 θνροκοπικὸν
432 3516 531 3600 μέλος
553 3514 696 3593 canebat,
718 3514 806 3600 quod
828 3509 993 3595 αὐλήσεως
1008 3537 1111 3603 genus
1126 3537 1191 3580 me-

186 3637 291 3694 morat
318 3627 454 3713 Trypho
483 3624 569 3712 apud
597 3626 711 3691 Athen.
735 3628 821 3706 XIV,
843 3650 875 3714 p.
898 3628 963 3691 618
986 3651 1012 3692 c.
1063 3628 1136 3691 Hoc
1162 3629 1191 3691 si

186 3750 312 3818 teneas,
341 3738 406 3804 leni
427 3760 524 3804 manu
551 3739 691 3828 retingas
714 3736 857 3816 αὐλείοις
881 3741 1102 3824 συνκοτέουσα
1123 3733 1191 3804 θύ-

185 3875 271 3938 ραις.

274 3963 331 4029 lv.
370 3964 473 4028 Vua
503 3961 574 4029 cod.
602 3959 712 4029 κοίλων
741 3967 773 4029 οἱ
800 3964 927 4049 ταχινολ
954 3961 1079 4048 βορέηι.
1123 3961 1189 4027 Pro

184 4073 302 4162 βορέηι
328 4073 509 4140 Bumckius
539 4075 670 4140 Kusteri
699 4076 914 4140 coniecturam
943 4082 1097 4159 sequutus
1125 4071 1191 4138 edi-
