<?xml version="1.0" encoding="UTF-8"?>
<!DOCTYPE html PUBLIC "-//W3C//DTD XHTML 1.0 Transitional//EN"
    "http://www.w3.org/TR/xhtml1/DTD/xhtml1-transitional.dtd">
<html xmlns="http://www.w3.org/1999/xhtml" xml:lang="en" lang="en">
 <head>
  <title>
</title>
<meta http-equiv="Content-Type" content="text/html;charset=utf-8" />
  <meta name='ocr-system' content='tesseract 3.04.00' />
  <meta name='ocr-capabilities' content='ocr_page ocr_carea ocr_par ocr_line ocrx_word'/>
</head>
<body>
  <div class='ocr_page' id='page_1' title='image "./delectuspoetaru00meingoog_0241.png"; bbox 0 0 3028 4826; ppageno 0'>
   <div class='ocr_carea' id='block_1_1' title="bbox 343 474 1005 536">
    <p class='ocr_par' dir='ltr' id='par_1_1' title="bbox 343 474 1005 536">
     <span class='ocr_line' id='line_1_1' title="bbox 343 474 1005 536; baseline 0.003 -4"><span class='ocrx_word' id='word_1_1' title='bbox 343 475 398 532; x_wconf 81' lang='lat' dir='ltr'><strong>alt</strong></span> <span class='ocrx_word' id='word_1_2' title='bbox 685 474 1005 536; x_wconf 65' lang='lat' dir='ltr'><strong>conluctantia„</strong></span> 
     </span>
    </p>
   </div>
   <div class='ocr_carea' id='block_1_2' title="bbox 387 681 1338 1662">
    <p class='ocr_par' dir='ltr' id='par_1_2' title="bbox 623 681 1059 753">
     <span class='ocr_line' id='line_1_2' title="bbox 623 681 1059 753; baseline 0 -17"><span class='ocrx_word' id='word_1_3' title='bbox 623 685 834 738; x_wconf 69' lang='lat' dir='ltr'><strong>AN&#39;l&#39;lPffllaUfl</strong></span> <span class='ocrx_word' id='word_1_4' title='bbox 851 686 911 738; x_wconf 63' lang='lat' dir='ltr'><strong>Pal.</strong></span> <span class='ocrx_word' id='word_1_5' title='bbox 926 685 979 753; x_wconf 79' lang='lat' dir='ltr'><strong>lx,</strong></span> <span class='ocrx_word' id='word_1_6' title='bbox 996 681 1059 736; x_wconf 80' lang='lat'><strong>551.</strong></span> 
     </span>
    </p>

    <p class='ocr_par' dir='ltr' id='par_1_3' title="bbox 387 790 1205 998">
     <span class='ocr_line' id='line_1_3' title="bbox 387 790 1205 886; baseline 0.001 -25"><span class='ocrx_word' id='word_1_7' title='bbox 387 790 572 882; x_wconf 82' lang='grc' dir='ltr'><em>Κολχόδιιν</em></span> <span class='ocrx_word' id='word_1_8' title='bbox 592 793 754 878; x_wconf 81' lang='grc' dir='ltr'><em>δύστηνον</em></span> <span class='ocrx_word' id='word_1_9' title='bbox 774 792 911 883; x_wconf 79' lang='grc' dir='ltr'><em>ἑρωδιόν</em></span> <span class='ocrx_word' id='word_1_10' title='bbox 931 799 1040 886; x_wconf 70' lang='grc' dir='ltr'><em>ἔχθρα</em></span> <span class='ocrx_word' id='word_1_11' title='bbox 1060 792 1205 878; x_wconf 74' lang='grc' dir='ltr'><em>κολάζει·</em></span> 
     </span>
     <span class='ocr_line' id='line_1_4' title="bbox 432 903 1174 998; baseline 0.003 -26"><span class='ocrx_word' id='word_1_12' title='bbox 432 907 488 973; x_wconf 75' lang='grc' dir='ltr'><strong>τοῦ</strong></span> <span class='ocrx_word' id='word_1_13' title='bbox 505 903 605 993; x_wconf 81' lang='grc' dir='ltr'><em>χάριν</em></span> <span class='ocrx_word' id='word_1_14' title='bbox 625 905 644 974; x_wconf 90' lang='grc' dir='ltr'><em>ό</em></span> <span class='ocrx_word' id='word_1_15' title='bbox 666 904 831 998; x_wconf 76' lang='grc' dir='ltr'><strong><em>προδότης</em></strong></span> <span class='ocrx_word' id='word_1_16' title='bbox 853 903 943 998; x_wconf 84' lang='grc' dir='ltr'><em>όρνις</em></span> <span class='ocrx_word' id='word_1_17' title='bbox 964 905 1017 974; x_wconf 78' lang='grc' dir='ltr'><strong>ἀεὶ</strong></span> <span class='ocrx_word' id='word_1_18' title='bbox 1038 910 1174 993; x_wconf 75' lang='grc' dir='ltr'><em>λέγεται,</em></span> 
     </span>
    </p>

    <p class='ocr_par' dir='ltr' id='par_1_4' title="bbox 392 1014 1338 1219">
     <span class='ocr_line' id='line_1_5' title="bbox 392 1014 1338 1112; baseline 0 -26"><span class='ocrx_word' id='word_1_19' title='bbox 392 1018 521 1103; x_wconf 77' lang='grc' dir='ltr'><em>Φοῖβος</em></span> <span class='ocrx_word' id='word_1_20' title='bbox 540 1023 622 1108; x_wconf 79' lang='grc' dir='ltr'><em>ἐρεῖ·</em></span> <span class='ocrx_word' id='word_1_21' title='bbox 646 1027 810 1106; x_wconf 69' lang='lat' dir='ltr'><strong>retostus</strong></span> <span class='ocrx_word' id='word_1_22' title='bbox 831 1014 881 1085; x_wconf 84' lang='grc' dir='ltr'><strong>ὅτ’</strong></span> <span class='ocrx_word' id='word_1_23' title='bbox 900 1025 946 1096; x_wconf 80' lang='grc' dir='ltr'><strong>εὶς</strong></span> <span class='ocrx_word' id='word_1_24' title='bbox 966 1014 1034 1085; x_wconf 80' lang='grc' dir='ltr'><strong>ἅλα</strong></span> <span class='ocrx_word' id='word_1_25' title='bbox 1054 1020 1161 1086; x_wconf 80' lang='grc' dir='ltr'><em>κῶλον</em></span> <span class='ocrx_word' id='word_1_26' title='bbox 1182 1015 1338 1112; x_wconf 78' lang='grc' dir='ltr'><em>ἐλαφρόν</em></span> 
     </span>
     <span class='ocr_line' id='line_1_6' title="bbox 433 1125 1132 1219; baseline -0.003 -23"><span class='ocrx_word' id='word_1_27' title='bbox 433 1125 559 1211; x_wconf 81' lang='grc' dir='ltr'><strong><em>στήσας</em></strong></span> <span class='ocrx_word' id='word_1_28' title='bbox 578 1134 753 1218; x_wconf 79' lang='grc' dir='ltr'><em>ψαμμίτην</em></span> <span class='ocrx_word' id='word_1_29' title='bbox 774 1126 900 1219; x_wconf 79' lang='grc' dir='ltr'><em>δόρπον</em></span> <span class='ocrx_word' id='word_1_30' title='bbox 921 1125 1132 1215; x_wconf 76' lang='grc' dir='ltr'><em>ἐδημολόχει,</em></span> 
     </span>
    </p>

    <p class='ocr_par' dir='ltr' id='par_1_5' title="bbox 389 1235 1258 1439">
     <span class='ocr_line' id='line_1_7' title="bbox 389 1235 1258 1330; baseline 0.001 -24"><span class='ocrx_word' id='word_1_31' title='bbox 389 1241 560 1327; x_wconf 79' lang='grc' dir='ltr'><em>δυσμενέες</em></span> <span class='ocrx_word' id='word_1_32' title='bbox 580 1238 649 1307; x_wconf 86' lang='grc' dir='ltr'><em>τότ’</em></span> <span class='ocrx_word' id='word_1_33' title='bbox 668 1243 793 1326; x_wconf 70' lang='grc' dir='ltr'><em>ἔβησαν</em></span> <span class='ocrx_word' id='word_1_34' title='bbox 813 1243 868 1306; x_wconf 79' lang='grc' dir='ltr'><strong>ἐπὶ</strong></span> <span class='ocrx_word' id='word_1_35' title='bbox 888 1235 1005 1306; x_wconf 82' lang='grc' dir='ltr'><em>πτόλιν</em></span> <span class='ocrx_word' id='word_1_36' title='bbox 1025 1238 1258 1330; x_wconf 71' lang='grc' dir='ltr'><em>ἀντιπέρηθεν,</em></span> 
     </span>
     <span class='ocr_line' id='line_1_8' title="bbox 434 1348 1133 1439; baseline 0 -22"><span class='ocrx_word' id='word_1_37' title='bbox 434 1348 498 1437; x_wconf 79' lang='grc' dir='ltr'><strong>ὀψὲ</strong></span> <span class='ocrx_word' id='word_1_38' title='bbox 519 1348 750 1439; x_wconf 84' lang='grc' dir='ltr'><em>διδασκόμενοι</em></span> <span class='ocrx_word' id='word_1_39' title='bbox 769 1351 963 1436; x_wconf 75' lang='grc' dir='ltr'><em>ποζοβατεῑν</em></span> <span class='ocrx_word' id='word_1_40' title='bbox 983 1352 1133 1436; x_wconf 77' lang='grc' dir='ltr'><em>πέλαγος.</em></span> 
     </span>
    </p>

    <p class='ocr_par' dir='ltr' id='par_1_6' title="bbox 388 1455 1337 1662">
     <span class='ocr_line' id='line_1_9' title="bbox 388 1455 1337 1551; baseline 0.002 -24"><span class='ocrx_word' id='word_1_41' title='bbox 388 1458 525 1546; x_wconf 70' lang='grc' dir='ltr'><em>βάλλετε</em></span> <span class='ocrx_word' id='word_1_42' title='bbox 547 1457 588 1544; x_wconf 78' lang='grc' dir='ltr'><em>δὴ</em></span> <span class='ocrx_word' id='word_1_43' title='bbox 609 1457 712 1530; x_wconf 84' lang='grc' dir='ltr'><em>κακόν</em></span> <span class='ocrx_word' id='word_1_44' title='bbox 733 1457 833 1550; x_wconf 91' lang='grc' dir='ltr'><em>όρνιν,</em></span> <span class='ocrx_word' id='word_1_45' title='bbox 858 1465 927 1529; x_wconf 78' lang='grc' dir='ltr'><strong>ἐπεὶ</strong></span> <span class='ocrx_word' id='word_1_46' title='bbox 947 1457 1055 1551; x_wconf 76' lang='grc' dir='ltr'><em>βαρὺν</em></span> <span class='ocrx_word' id='word_1_47' title='bbox 1075 1455 1181 1551; x_wconf 77' lang='grc' dir='ltr'><em>ἤρατο</em></span> <span class='ocrx_word' id='word_1_48' title='bbox 1202 1459 1337 1548; x_wconf 73' lang='grc' dir='ltr'><em>μισθόν</em></span> 
     </span>
     <span class='ocr_line' id='line_1_10' title="bbox 433 1566 1215 1662; baseline 0 -22"><span class='ocrx_word' id='word_1_49' title='bbox 433 1580 469 1640; x_wconf 71' lang='grc' dir='ltr'><strong>ἐκ</strong></span> <span class='ocrx_word' id='word_1_50' title='bbox 490 1575 605 1655; x_wconf 70' lang='grc' dir='ltr'><em>δηΐων,</em></span> <span class='ocrx_word' id='word_1_51' title='bbox 626 1572 763 1661; x_wconf 82' lang='grc' dir='ltr'><em>κόχλους</em></span> <span class='ocrx_word' id='word_1_52' title='bbox 783 1575 840 1639; x_wconf 89' lang='grc' dir='ltr'><strong>καὶ</strong></span> <span class='ocrx_word' id='word_1_53' title='bbox 859 1566 978 1662; x_wconf 79' lang='grc' dir='ltr'><em>βρύον,</em></span> <span class='ocrx_word' id='word_1_54' title='bbox 1001 1569 1020 1638; x_wconf 89' lang='grc' dir='ltr'><em>ό</em></span> <span class='ocrx_word' id='word_1_55' title='bbox 1041 1569 1215 1659; x_wconf 81' lang='grc' dir='ltr'><em>προδότης.</em></span> 
     </span>
    </p>
   </div>
   <div class='ocr_carea' id='block_1_3' title="bbox 342 1695 1350 2365">
    <p class='ocr_par' dir='ltr' id='par_1_7' title="bbox 342 1695 1350 2365">
     <span class='ocr_line' id='line_1_11' title="bbox 345 1695 1350 1809; baseline -0.001 -22"><span class='ocrx_word' id='word_1_56' title='bbox 345 1723 453 1787; x_wconf 80' lang='lat' dir='ltr'><strong>Versu</strong></span> <span class='ocrx_word' id='word_1_57' title='bbox 473 1725 577 1809; x_wconf 90' lang='lat' dir='ltr'><strong>primo</strong></span> <span class='ocrx_word' id='word_1_58' title='bbox 599 1723 724 1809; x_wconf 85' lang='lat' dir='ltr'><strong>scripsit</strong></span> <span class='ocrx_word' id='word_1_59' title='bbox 745 1695 815 1786; x_wconf 81' lang='lat' dir='ltr'><strong>sine</strong></span> <span class='ocrx_word' id='word_1_60' title='bbox 836 1718 936 1785; x_wconf 86' lang='lat' dir='ltr'><strong>dubio</strong></span> <span class='ocrx_word' id='word_1_61' title='bbox 954 1718 1137 1806; x_wconf 85' lang='lat' dir='ltr'><strong>Antiphilus</strong></span> <span class='ocrx_word' id='word_1_62' title='bbox 1159 1714 1269 1806; x_wconf 76' lang='grc' dir='ltr'><em>ἐχθροὶ</em></span> <span class='ocrx_word' id='word_1_63' title='bbox 1290 1744 1350 1787; x_wconf 91' lang='grc' dir='ltr'><strong>κο-</strong></span> 
     </span>
     <span class='ocr_line' id='line_1_12' title="bbox 346 1828 1350 1919; baseline 0 -21"><span class='ocrx_word' id='word_1_64' title='bbox 346 1828 444 1912; x_wconf 80' lang='grc' dir='ltr'><em>λάζει.</em></span> <span class='ocrx_word' id='word_1_65' title='bbox 486 1829 671 1919; x_wconf 82' lang='grc' dir='ltr'><em>Κολχόδιιν</em></span> <span class='ocrx_word' id='word_1_66' title='bbox 700 1835 784 1897; x_wconf 89' lang='lat' dir='ltr'><strong>enim</strong></span> <span class='ocrx_word' id='word_1_67' title='bbox 811 1852 879 1897; x_wconf 90' lang='lat' dir='ltr'><strong>non</strong></span> <span class='ocrx_word' id='word_1_68' title='bbox 907 1833 1067 1919; x_wconf 82' lang='lat' dir='ltr'><strong>genitivus</strong></span> <span class='ocrx_word' id='word_1_69' title='bbox 1096 1840 1159 1912; x_wconf 88' lang='lat' dir='ltr'><strong>est,</strong></span> <span class='ocrx_word' id='word_1_70' title='bbox 1187 1831 1246 1897; x_wconf 90' lang='lat' dir='ltr'><strong>scd</strong></span> <span class='ocrx_word' id='word_1_71' title='bbox 1267 1831 1350 1899; x_wconf 85' lang='lat' dir='ltr'><strong>latet</strong></span> 
     </span>
     <span class='ocr_line' id='line_1_13' title="bbox 345 1939 1349 2032; baseline 0.002 -24"><span class='ocrx_word' id='word_1_72' title='bbox 345 1947 380 2009; x_wconf 92' lang='lat' dir='ltr'><strong>in</strong></span> <span class='ocrx_word' id='word_1_73' title='bbox 408 1955 560 2032; x_wconf 84' lang='lat' dir='ltr'><strong>corrupta</strong></span> <span class='ocrx_word' id='word_1_74' title='bbox 584 1964 666 2010; x_wconf 87' lang='lat' dir='ltr'><strong>voce</strong></span> <span class='ocrx_word' id='word_1_75' title='bbox 693 1943 780 2010; x_wconf 91' lang='lat' dir='ltr'><strong>urbis</strong></span> <span class='ocrx_word' id='word_1_76' title='bbox 808 1942 1063 2028; x_wconf 15' lang='lat' dir='ltr'><strong>nomen,ssqunlc</strong></span> <span class='ocrx_word' id='word_1_77' title='bbox 1092 1954 1141 2008; x_wconf 91' lang='lat' dir='ltr'><strong>est</strong></span> <span class='ocrx_word' id='word_1_78' title='bbox 1166 1939 1349 2024; x_wconf 82' lang='grc' dir='ltr'><em>Ἀσσηδιόν,</em></span> 
     </span>
     <span class='ocr_line' id='line_1_14' title="bbox 343 2050 1349 2142; baseline 0.001 -22"><span class='ocrx_word' id='word_1_79' title='bbox 343 2051 546 2137; x_wconf 79' lang='grc' dir='ltr'><em>Ἁσπληδόν,</em></span> <span class='ocrx_word' id='word_1_80' title='bbox 569 2050 784 2141; x_wconf 55' lang='lat' dir='ltr'><strong>Kal-meleis«</strong></span> <span class='ocrx_word' id='word_1_81' title='bbox 815 2055 864 2122; x_wconf 84' lang='lat' dir='ltr'><strong>Ac</strong></span> <span class='ocrx_word' id='word_1_82' title='bbox 884 2054 1023 2122; x_wconf 84' lang='lat' dir='ltr'><strong>fortasse</strong></span> <span class='ocrx_word' id='word_1_83' title='bbox 1043 2054 1106 2119; x_wconf 91' lang='lat' dir='ltr'><strong>hoc</strong></span> <span class='ocrx_word' id='word_1_84' title='bbox 1127 2057 1230 2142; x_wconf 93' lang='lat' dir='ltr'><strong>ipsum</strong></span> <span class='ocrx_word' id='word_1_85' title='bbox 1252 2056 1349 2121; x_wconf 84' lang='grc' dir='ltr'><em>Κολ·</em></span> 
     </span>
     <span class='ocr_line' id='line_1_15' title="bbox 342 2163 1349 2255; baseline 0.001 -23"><span class='ocrx_word' id='word_1_86' title='bbox 342 2163 453 2252; x_wconf 84' lang='grc' dir='ltr'><em>χηδόν</em></span> <span class='ocrx_word' id='word_1_87' title='bbox 474 2166 696 2255; x_wconf 86' lang='lat' dir='ltr'><strong>reponendum</strong></span> <span class='ocrx_word' id='word_1_88' title='bbox 719 2176 782 2243; x_wconf 89' lang='lat' dir='ltr'><strong>est;</strong></span> <span class='ocrx_word' id='word_1_89' title='bbox 811 2176 900 2231; x_wconf 89' lang='lat' dir='ltr'><strong>certe</strong></span> <span class='ocrx_word' id='word_1_90' title='bbox 920 2168 1093 2231; x_wconf 82' lang='lat' dir='ltr'><strong>maritimae</strong></span> <span class='ocrx_word' id='word_1_91' title='bbox 1117 2165 1206 2231; x_wconf 89' lang='lat' dir='ltr'><strong>urbis</strong></span> <span class='ocrx_word' id='word_1_92' title='bbox 1227 2188 1349 2233; x_wconf 87' lang='lat' dir='ltr'><strong>nomen</strong></span> 
     </span>
     <span class='ocr_line' id='line_1_16' title="bbox 345 2275 1350 2365; baseline 0.001 -23"><span class='ocrx_word' id='word_1_93' title='bbox 345 2281 525 2365; x_wconf 84' lang='lat' dir='ltr'><strong>requiritur,</strong></span> <span class='ocrx_word' id='word_1_94' title='bbox 547 2289 581 2344; x_wconf 95' lang='lat' dir='ltr'><strong>et</strong></span> <span class='ocrx_word' id='word_1_95' title='bbox 601 2278 672 2345; x_wconf 90' lang='lat' dir='ltr'><strong>talis</strong></span> <span class='ocrx_word' id='word_1_96' title='bbox 688 2276 824 2365; x_wconf 90' lang='lat' dir='ltr'><strong>quidem,</strong></span> <span class='ocrx_word' id='word_1_97' title='bbox 847 2299 928 2364; x_wconf 90' lang='lat' dir='ltr'><strong>quae</strong></span> <span class='ocrx_word' id='word_1_98' title='bbox 949 2277 1034 2342; x_wconf 73' lang='lat' dir='ltr'><strong>fiete</strong></span> <span class='ocrx_word' id='word_1_99' title='bbox 1052 2275 1220 2357; x_wconf 86' lang='lat' dir='ltr'><strong>adiaceret,</strong></span> <span class='ocrx_word' id='word_1_100' title='bbox 1240 2288 1277 2343; x_wconf 95' lang='lat' dir='ltr'><strong>ut</strong></span> <span class='ocrx_word' id='word_1_101' title='bbox 1290 2279 1350 2344; x_wconf 91' lang='lat' dir='ltr'><strong>ho·</strong></span> 
     </span>
    </p>
   </div>
   <div class='ocr_carea' id='block_1_4' title="bbox 345 2386 1349 2588">
    <p class='ocr_par' dir='ltr' id='par_1_8' title="bbox 345 2386 1349 2588">
     <span class='ocr_line' id='line_1_17' title="bbox 345 2386 1348 2487; baseline 0.001 -33"><span class='ocrx_word' id='word_1_102' title='bbox 345 2400 410 2455; x_wconf 86' lang='lat' dir='ltr'><strong>stes</strong></span> <span class='ocrx_word' id='word_1_103' title='bbox 434 2411 503 2456; x_wconf 89' lang='lat' dir='ltr'><strong>eam</strong></span> <span class='ocrx_word' id='word_1_104' title='bbox 518 2412 557 2487; x_wconf 83' lang='lat' dir='ltr'><strong>ex</strong></span> <span class='ocrx_word' id='word_1_105' title='bbox 571 2389 706 2455; x_wconf 86' lang='lat' dir='ltr'><strong>adverso</strong></span> <span class='ocrx_word' id='word_1_106' title='bbox 721 2389 831 2454; x_wconf 88' lang='lat' dir='ltr'><strong>littore</strong></span> <span class='ocrx_word' id='word_1_107' title='bbox 853 2386 1104 2476; x_wconf 76' lang='grc' dir='ltr'><em>(ἀντιπέρηθεν)</em></span> <span class='ocrx_word' id='word_1_108' title='bbox 1126 2388 1257 2454; x_wconf 81' lang='lat' dir='ltr'><strong>adortos</strong></span> <span class='ocrx_word' id='word_1_109' title='bbox 1275 2412 1348 2456; x_wconf 88' lang='lat' dir='ltr'><strong>esse</strong></span> 
     </span>
     <span class='ocr_line' id='line_1_18' title="bbox 347 2499 1349 2588; baseline 0.001 -23"><span class='ocrx_word' id='word_1_110' title='bbox 347 2500 410 2565; x_wconf 91' lang='lat' dir='ltr'><strong>dici</strong></span> <span class='ocrx_word' id='word_1_111' title='bbox 430 2505 543 2588; x_wconf 87' lang='lat' dir='ltr'><strong>possit</strong></span> <span class='ocrx_word' id='word_1_112' title='bbox 581 2502 676 2588; x_wconf 86' lang='lat' dir='ltr'><strong>Quae</strong></span> <span class='ocrx_word' id='word_1_113' title='bbox 698 2503 805 2566; x_wconf 89' lang='lat' dir='ltr'><strong>omnia</strong></span> <span class='ocrx_word' id='word_1_114' title='bbox 827 2499 945 2565; x_wconf 93' lang='lat' dir='ltr'><strong>cadunt</strong></span> <span class='ocrx_word' id='word_1_115' title='bbox 966 2502 1000 2565; x_wconf 94' lang='lat' dir='ltr'><strong>in</strong></span> <span class='ocrx_word' id='word_1_116' title='bbox 1017 2499 1256 2567; x_wconf 84' lang='lat' dir='ltr'><strong>Calchedonem</strong></span> <span class='ocrx_word' id='word_1_117' title='bbox 1277 2504 1349 2566; x_wconf 85' lang='lat' dir='ltr'><strong>sive</strong></span> 
     </span>
    </p>
   </div>
   <div class='ocr_carea' id='block_1_5' title="bbox 345 2604 1348 2922">
    <p class='ocr_par' dir='ltr' id='par_1_9' title="bbox 345 2604 1348 2922">
     <span class='ocr_line' id='line_1_19' title="bbox 346 2604 1348 2702; baseline -0.001 -24"><span class='ocrx_word' id='word_1_118' title='bbox 346 2604 594 2693; x_wconf 77' lang='lat' dir='ltr'><strong>Chalcedonem</strong></span> <span class='ocrx_word' id='word_1_119' title='bbox 616 2615 668 2678; x_wconf 93' lang='lat' dir='ltr'><strong>cui</strong></span> <span class='ocrx_word' id='word_1_120' title='bbox 690 2635 728 2678; x_wconf 87' lang='lat' dir='ltr'><strong>ex</strong></span> <span class='ocrx_word' id='word_1_121' title='bbox 747 2615 882 2702; x_wconf 79' lang='lat' dir='ltr'><strong>regione</strong></span> <span class='ocrx_word' id='word_1_122' title='bbox 902 2613 1041 2699; x_wconf 90' lang='lat' dir='ltr'><strong>positum</strong></span> <span class='ocrx_word' id='word_1_123' title='bbox 1066 2621 1134 2676; x_wconf 88' lang='lat' dir='ltr'><strong>erat</strong></span> <span class='ocrx_word' id='word_1_124' title='bbox 1147 2613 1348 2700; x_wconf 75' lang='lat' dir='ltr'><strong>Byzantium,</strong></span> 
     </span>
     <span class='ocr_line' id='line_1_20' title="bbox 346 2723 1348 2812; baseline -0.003 -22"><span class='ocrx_word' id='word_1_125' title='bbox 346 2746 427 2812; x_wconf 90' lang='lat' dir='ltr'><strong>quos</strong></span> <span class='ocrx_word' id='word_1_126' title='bbox 451 2746 521 2790; x_wconf 93' lang='lat' dir='ltr'><strong>cum</strong></span> <span class='ocrx_word' id='word_1_127' title='bbox 543 2723 770 2792; x_wconf 89' lang='lat' dir='ltr'><strong>Calchedoniis</strong></span> <span class='ocrx_word' id='word_1_128' title='bbox 798 2726 976 2789; x_wconf 84' lang='lat' dir='ltr'><strong>inimicitias</strong></span> <span class='ocrx_word' id='word_1_129' title='bbox 1000 2727 1177 2788; x_wconf 85' lang='lat' dir='ltr'><strong>exercuisse</strong></span> <span class='ocrx_word' id='word_1_130' title='bbox 1199 2747 1269 2790; x_wconf 90' lang='lat' dir='ltr'><strong>cum</strong></span> <span class='ocrx_word' id='word_1_131' title='bbox 1291 2723 1348 2788; x_wconf 90' lang='lat' dir='ltr'><strong>ali-</strong></span> 
     </span>
     <span class='ocr_line' id='line_1_21' title="bbox 345 2835 1348 2922; baseline -0.004 -20"><span class='ocrx_word' id='word_1_132' title='bbox 345 2835 433 2902; x_wconf 88' lang='lat' dir='ltr'><strong>unde</strong></span> <span class='ocrx_word' id='word_1_133' title='bbox 460 2846 587 2902; x_wconf 87' lang='lat' dir='ltr'><strong>constat</strong></span> <span class='ocrx_word' id='word_1_134' title='bbox 615 2847 681 2901; x_wconf 91' lang='lat' dir='ltr'><strong>tum</strong></span> <span class='ocrx_word' id='word_1_135' title='bbox 710 2857 748 2901; x_wconf 85' lang='lat' dir='ltr'><strong>ex</strong></span> <span class='ocrx_word' id='word_1_136' title='bbox 773 2835 942 2922; x_wconf 85' lang='lat' dir='ltr'><strong>Polyaeno</strong></span> <span class='ocrx_word' id='word_1_137' title='bbox 964 2835 1060 2900; x_wconf 87' lang='lat' dir='ltr'><strong>Strat.</strong></span> <span class='ocrx_word' id='word_1_138' title='bbox 1082 2836 1143 2914; x_wconf 77' lang='lat' dir='ltr'><strong>Vl,</strong></span> <span class='ocrx_word' id='word_1_139' title='bbox 1164 2836 1218 2901; x_wconf 78' lang='lat'><strong>25.</strong></span> <span class='ocrx_word' id='word_1_140' title='bbox 1267 2836 1348 2900; x_wconf 85' lang='lat' dir='ltr'><strong>Mox</strong></span> 
     </span>
    </p>
   </div>
   <div class='ocr_carea' id='block_1_6' title="bbox 211 2941 1346 3050">
    <p class='ocr_par' dir='ltr' id='par_1_10' title="bbox 211 2941 1346 3050">
     <span class='ocr_line' id='line_1_22' title="bbox 211 2941 1346 3050; baseline -0.002 -37"><span class='ocrx_word' id='word_1_141' title='bbox 211 2959 213 2963; x_wconf 82' lang='grc'>’</span> <span class='ocrx_word' id='word_1_142' title='bbox 345 2941 481 3037; x_wconf 76' lang='grc' dir='ltr'><em>λρῳδιδν</em></span> <span class='ocrx_word' id='word_1_143' title='bbox 502 2947 704 3050; x_wconf 78' lang='lat' dir='ltr'><strong>scribendum</strong></span> <span class='ocrx_word' id='word_1_144' title='bbox 727 2969 765 3012; x_wconf 85' lang='lat' dir='ltr'><strong>ex</strong></span> <span class='ocrx_word' id='word_1_145' title='bbox 779 2955 954 3034; x_wconf 90' lang='lat' dir='ltr'><strong>praecepto</strong></span> <span class='ocrx_word' id='word_1_146' title='bbox 971 2948 1254 3034; x_wconf 87' lang='lat' dir='ltr'><strong>grammaticorum.</strong></span> <span class='ocrx_word' id='word_1_147' title='bbox 1285 2947 1346 3011; x_wconf 88' lang='lat' dir='ltr'><strong>Vs.</strong></span> 
     </span>
    </p>
   </div>
   <div class='ocr_carea' id='block_1_7' title="bbox 265 3053 1397 4154">
    <p class='ocr_par' dir='ltr' id='par_1_11' title="bbox 265 3053 1397 4154">
     <span class='ocr_line' id='line_1_23' title="bbox 345 3053 1347 3146; baseline -0.005 -19"><span class='ocrx_word' id='word_1_148' title='bbox 345 3061 476 3127; x_wconf 80' lang='lat' dir='ltr'><strong>2recte</strong></span> <span class='ocrx_word' id='word_1_149' title='bbox 496 3059 668 3125; x_wconf 84' lang='lat' dir='ltr'><strong>Jacobsius</strong></span> <span class='ocrx_word' id='word_1_150' title='bbox 696 3059 752 3123; x_wconf 84' lang='grc' dir='ltr'><strong>τεῦ</strong></span> <span class='ocrx_word' id='word_1_151' title='bbox 779 3057 813 3123; x_wconf 84' lang='grc' dir='ltr'><strong>δὲ</strong></span> <span class='ocrx_word' id='word_1_152' title='bbox 832 3053 931 3146; x_wconf 77' lang='grc' dir='ltr'><em>χάριν</em></span> <span class='ocrx_word' id='word_1_153' title='bbox 959 3053 1131 3145; x_wconf 88' lang='grc' dir='ltr'><em>προδότης.</em></span> <span class='ocrx_word' id='word_1_154' title='bbox 1176 3059 1347 3122; x_wconf 86' lang='lat' dir='ltr'><strong>Praeterea</strong></span> 
     </span>
     <span class='ocr_line' id='line_1_24' title="bbox 265 3165 1348 3260; baseline -0.004 -22"><span class='ocrx_word' id='word_1_155' title='bbox 265 3221 269 3238; x_wconf 91' lang='lat'>.</span> <span class='ocrx_word' id='word_1_156' title='bbox 345 3171 481 3237; x_wconf 85' lang='lat' dir='ltr'><strong>fortasse</strong></span> <span class='ocrx_word' id='word_1_157' title='bbox 503 3165 612 3260; x_wconf 83' lang='grc' dir='ltr'><em>οὕρνις</em></span> <span class='ocrx_word' id='word_1_158' title='bbox 637 3168 849 3235; x_wconf 89' lang='lat' dir='ltr'><strong>scribendum.</strong></span> <span class='ocrx_word' id='word_1_159' title='bbox 892 3169 988 3233; x_wconf 75' lang='lat' dir='ltr'><strong>Vsa</strong></span> <span class='ocrx_word' id='word_1_160' title='bbox 1010 3168 1194 3256; x_wconf 87' lang='lat' dir='ltr'><strong>suspicabar</strong></span> <span class='ocrx_word' id='word_1_161' title='bbox 1220 3168 1348 3254; x_wconf 81' lang='grc' dir='ltr'><em>Φοῖβος</em></span> 
     </span>
     <span class='ocr_line' id='line_1_25' title="bbox 345 3280 1347 3370; baseline -0.001 -24"><span class='ocrx_word' id='word_1_162' title='bbox 345 3282 423 3370; x_wconf 76' lang='grc' dir='ltr'><strong>ἐρῶ,</strong></span> <span class='ocrx_word' id='word_1_163' title='bbox 449 3281 656 3347; x_wconf 87' lang='lat' dir='ltr'><strong>veridicus</strong></span> <span class='ocrx_word' id='word_1_164' title='bbox 686 3280 810 3346; x_wconf 87' lang='lat' dir='ltr'><strong>dicam</strong></span> <span class='ocrx_word' id='word_1_165' title='bbox 838 3289 961 3344; x_wconf 89' lang='lat' dir='ltr'><strong>vates.</strong></span> <span class='ocrx_word' id='word_1_166' title='bbox 1017 3280 1082 3346; x_wconf 89' lang='lat' dir='ltr'><strong>Sed</strong></span> <span class='ocrx_word' id='word_1_167' title='bbox 1110 3301 1209 3370; x_wconf 84' lang='lat' dir='ltr'><strong>grave</strong></span> <span class='ocrx_word' id='word_1_168' title='bbox 1234 3282 1347 3345; x_wconf 85' lang='lat' dir='ltr'><strong>vitium</strong></span> 
     </span>
     <span class='ocr_line' id='line_1_26' title="bbox 346 3390 1348 3481; baseline -0.003 -23"><span class='ocrx_word' id='word_1_169' title='bbox 346 3397 440 3459; x_wconf 86' lang='lat' dir='ltr'><strong>ctiam</strong></span> <span class='ocrx_word' id='word_1_170' title='bbox 468 3397 502 3460; x_wconf 95' lang='lat' dir='ltr'><strong>in</strong></span> <span class='ocrx_word' id='word_1_171' title='bbox 530 3403 644 3481; x_wconf 86' lang='lat' dir='ltr'><strong>quarto</strong></span> <span class='ocrx_word' id='word_1_172' title='bbox 666 3415 761 3458; x_wconf 88' lang='lat' dir='ltr'><strong>versu</strong></span> <span class='ocrx_word' id='word_1_173' title='bbox 781 3393 907 3469; x_wconf 86' lang='lat' dir='ltr'><strong>haeret;</strong></span> <span class='ocrx_word' id='word_1_174' title='bbox 935 3413 1040 3478; x_wconf 88' lang='lat' dir='ltr'><strong>neque</strong></span> <span class='ocrx_word' id='word_1_175' title='bbox 1065 3390 1100 3456; x_wconf 95' lang='lat' dir='ltr'><strong>id</strong></span> <span class='ocrx_word' id='word_1_176' title='bbox 1122 3392 1206 3480; x_wconf 87' lang='lat' dir='ltr'><strong>fugit</strong></span> <span class='ocrx_word' id='word_1_177' title='bbox 1227 3391 1348 3455; x_wconf 64' lang='lat' dir='ltr'><strong>Jacoo</strong></span> 
     </span>
     <span class='ocr_line' id='line_1_27' title="bbox 346 3499 1348 3593; baseline -0.004 -23"><span class='ocrx_word' id='word_1_178' title='bbox 346 3509 441 3585; x_wconf 86' lang='lat' dir='ltr'><strong>sium,</strong></span> <span class='ocrx_word' id='word_1_179' title='bbox 470 3507 524 3592; x_wconf 93' lang='lat' dir='ltr'><strong>qui</strong></span> <span class='ocrx_word' id='word_1_180' title='bbox 546 3526 606 3593; x_wconf 93' lang='lat' dir='ltr'><strong>pro</strong></span> <span class='ocrx_word' id='word_1_181' title='bbox 629 3499 832 3591; x_wconf 80' lang='grc' dir='ltr'><em>ὲθημολόχει</em></span> <span class='ocrx_word' id='word_1_182' title='bbox 851 3524 919 3568; x_wconf 91' lang='lat' dir='ltr'><strong>non</strong></span> <span class='ocrx_word' id='word_1_183' title='bbox 940 3501 1022 3567; x_wconf 84' lang='lat' dir='ltr'><strong>male</strong></span> <span class='ocrx_word' id='word_1_184' title='bbox 1050 3505 1189 3569; x_wconf 88' lang='lat' dir='ltr'><strong>coniecit</strong></span> <span class='ocrx_word' id='word_1_185' title='bbox 1211 3503 1348 3567; x_wconf 74' lang='grc' dir='ltr'><em>ἐδοινο-</em></span> 
     </span>
     <span class='ocr_line' id='line_1_28' title="bbox 345 3607 1397 3703; baseline -0.005 -20"><span class='ocrx_word' id='word_1_186' title='bbox 345 3611 443 3703; x_wconf 78' lang='grc' dir='ltr'><em>λόχιι.</em></span> <span class='ocrx_word' id='word_1_187' title='bbox 486 3616 532 3683; x_wconf 84' lang='lat' dir='ltr'><strong>At</strong></span> <span class='ocrx_word' id='word_1_188' title='bbox 551 3619 654 3682; x_wconf 92' lang='lat' dir='ltr'><strong>minus</strong></span> <span class='ocrx_word' id='word_1_189' title='bbox 677 3625 750 3703; x_wconf 88' lang='lat' dir='ltr'><strong>apte</strong></span> <span class='ocrx_word' id='word_1_190' title='bbox 773 3625 878 3681; x_wconf 89' lang='lat' dir='ltr'><strong>tamen</strong></span> <span class='ocrx_word' id='word_1_191' title='bbox 901 3613 935 3679; x_wconf 92' lang='lat' dir='ltr'><strong>id</strong></span> <span class='ocrx_word' id='word_1_192' title='bbox 958 3614 1092 3680; x_wconf 88' lang='lat' dir='ltr'><strong>infertur</strong></span> <span class='ocrx_word' id='word_1_193' title='bbox 1113 3624 1190 3702; x_wconf 91' lang='lat' dir='ltr'><strong>post</strong></span> <span class='ocrx_word' id='word_1_194' title='bbox 1211 3607 1347 3700; x_wconf 89' lang='grc' dir='ltr'><em>δόρπον,</em></span> <span class='ocrx_word' id='word_1_195' title='bbox 1395 3637 1397 3642; x_wconf 96' lang='grc'><strong><em>·</em></strong></span> 
     </span>
     <span class='ocr_line' id='line_1_29' title="bbox 345 3723 1347 3816; baseline -0.006 -22"><span class='ocrx_word' id='word_1_196' title='bbox 345 3750 407 3794; x_wconf 89' lang='lat' dir='ltr'><strong>nec</strong></span> <span class='ocrx_word' id='word_1_197' title='bbox 426 3729 512 3795; x_wconf 89' lang='lat' dir='ltr'><strong>bene</strong></span> <span class='ocrx_word' id='word_1_198' title='bbox 534 3731 686 3794; x_wconf 87' lang='lat' dir='ltr'><strong>convenit</strong></span> <span class='ocrx_word' id='word_1_199' title='bbox 707 3726 821 3794; x_wconf 87' lang='lat' dir='ltr'><strong>ardeae</strong></span> <span class='ocrx_word' id='word_1_200' title='bbox 844 3727 981 3792; x_wconf 86' lang='lat' dir='ltr'><strong>conchas</strong></span> <span class='ocrx_word' id='word_1_201' title='bbox 1008 3726 1182 3816; x_wconf 84' lang='lat' dir='ltr'><strong>colligenti.</strong></span> <span class='ocrx_word' id='word_1_202' title='bbox 1227 3723 1347 3789; x_wconf 88' lang='lat' dir='ltr'><strong>Melius</strong></span> 
     </span>
     <span class='ocr_line' id='line_1_30' title="bbox 344 3832 1349 3927; baseline -0.004 -21"><span class='ocrx_word' id='word_1_203' title='bbox 344 3840 527 3906; x_wconf 83' lang='lat' dir='ltr'><strong>Lobcckius</strong></span> <span class='ocrx_word' id='word_1_204' title='bbox 555 3839 602 3918; x_wconf 86' lang='lat' dir='ltr'><strong>ad</strong></span> <span class='ocrx_word' id='word_1_205' title='bbox 624 3839 778 3927; x_wconf 85' lang='lat' dir='ltr'><strong>Sophocl.</strong></span> <span class='ocrx_word' id='word_1_206' title='bbox 806 3840 894 3904; x_wconf 87' lang='lat' dir='ltr'><strong>Aiac.</strong></span> <span class='ocrx_word' id='word_1_207' title='bbox 923 3863 955 3927; x_wconf 91' lang='lat' dir='ltr'><strong>p.</strong></span> <span class='ocrx_word' id='word_1_208' title='bbox 983 3841 1045 3904; x_wconf 86' lang='grc'><strong>161</strong></span> <span class='ocrx_word' id='word_1_209' title='bbox 1076 3832 1278 3922; x_wconf 74' lang='grc' dir='ltr'><em>ἐθινολόχει,</em></span> <span class='ocrx_word' id='word_1_210' title='bbox 1305 3839 1349 3902; x_wconf 89' lang='lat' dir='ltr'><strong>in</strong></span> 
     </span>
     <span class='ocr_line' id='line_1_31' title="bbox 345 3947 1348 4042; baseline -0.003 -25"><span class='ocrx_word' id='word_1_211' title='bbox 345 3951 490 4018; x_wconf 87' lang='lat' dir='ltr'><strong>littore</strong></span> <span class='ocrx_word' id='word_1_212' title='bbox 519 3951 756 4042; x_wconf 82' lang='lat' dir='ltr'><strong>colligebat</strong></span> <span class='ocrx_word' id='word_1_213' title='bbox 810 3947 893 4018; x_wconf 86' lang='lat' dir='ltr'><strong>Mihi</strong></span> <span class='ocrx_word' id='word_1_214' title='bbox 921 3960 1041 4018; x_wconf 86' lang='lat' dir='ltr'><strong>certum</strong></span> <span class='ocrx_word' id='word_1_215' title='bbox 1069 3960 1119 4016; x_wconf 88' lang='lat' dir='ltr'><strong>est</strong></span> <span class='ocrx_word' id='word_1_216' title='bbox 1142 3947 1348 4014; x_wconf 85' lang='lat' dir='ltr'><strong>scribendum</strong></span> 
     </span>
     <span class='ocr_line' id='line_1_32' title="bbox 346 4058 1349 4154; baseline -0.003 -26"><span class='ocrx_word' id='word_1_217' title='bbox 346 4085 416 4130; x_wconf 87' lang='lat' dir='ltr'><strong>esse</strong></span> <span class='ocrx_word' id='word_1_218' title='bbox 442 4065 619 4151; x_wconf 79' lang='grc' dir='ltr'><em>ψαμμίτην</em></span> <span class='ocrx_word' id='word_1_219' title='bbox 639 4058 764 4154; x_wconf 91' lang='grc' dir='ltr'><em>δόρπον</em></span> <span class='ocrx_word' id='word_1_220' title='bbox 789 4058 988 4150; x_wconf 81' lang='grc' dir='ltr'><em>ὲχημσλόχει.</em></span> <span class='ocrx_word' id='word_1_221' title='bbox 1040 4064 1238 4128; x_wconf 86' lang='lat' dir='ltr'><strong>Postremum</strong></span> <span class='ocrx_word' id='word_1_222' title='bbox 1259 4059 1349 4126; x_wconf 89' lang='lat' dir='ltr'><strong>disti-</strong></span> 
     </span>
    </p>
   </div>
   <div class='ocr_carea' id='block_1_8' title="bbox 0 0 1519 4826">
    <p class='ocr_par' dir='ltr' id='par_1_12' title="bbox 0 0 1519 4826">
     <span class='ocr_line' id='line_1_33' title="bbox 0 0 1519 4826; baseline 0 0"><span class='ocrx_word' id='word_1_223' title='bbox 0 0 1519 4826; x_wconf 95' lang='lat' dir='ltr'><strong> </strong></span> 
     </span>
    </p>
   </div>
  </div>
 </body>
</html>
