3026 4816
437 474 699 537 ADNOTATIO
719 475 906 538 cnlrlcl.
1126 483 1177 537 1⁵5

173 763 247 806 men
270 740 310 806 ad
332 738 430 806 fidem
452 739 524 804 cod.
547 738 615 806 Pal.
651 743 760 805 Versu
782 751 897 826 quarto
918 739 1090 806 Jacobsius
1111 741 1178 806 edi-

174 853 222 917 dit
249 848 379 942 μέγαρ’.
430 850 514 919 Cod.
548 853 660 938 μέγας.
711 851 828 917 Athcn.
857 847 968 939 δόμος.
1020 857 1062 916 At
1090 862 1177 918 recte

173 964 249 1028 mihi
270 961 452 1028 Huschkius
474 960 566 1028 Anal.
590 967 660 1029 crit
685 987 717 1051 p.
740 965 782 1030 27
812 965 950 1028 sensisse
971 962 1099 1029 videtur
1121 962 1179 1030 do-

174 1098 257 1140 mum
280 1085 398 1162 poetae
419 1078 522 1142 minus
546 1084 620 1161 apte
641 1075 695 1139 hic
715 1077 897 1152 memorari,
920 1072 978 1139 sed
999 1073 1081 1140 male
1102 1096 1178 1161 pro·

174 1188 230 1252 bat
258 1192 369 1272 μέγας.
414 1188 539 1252 Forsan
567 1188 747 1252 coniunctis
776 1185 993 1274 Anthologiae
1022 1195 1055 1253 et
1080 1185 1178 1252 Athe-

174 1301 247 1363 naei
268 1297 461 1364 lectionibus
484 1297 699 1363 scribendum:

311 1402 428 1497 rosydp
449 1401 513 1474 ὑπὸ
536 1405 714 1498 στεφάνοις
736 1410 837 1495 δέμας
857 1410 972 1494 ἔβρυεν
995 1447 1036 1464 -

173 1524 296 1588 Notum
321 1531 368 1586 est
389 1529 515 1585 veteres
538 1541 606 1585 non
628 1523 725 1607 capiti
746 1529 869 1587 tantum
892 1519 950 1586 sed
973 1522 1067 1586 etiam
1089 1520 1177 1587 collo

175 1643 207 1698 et
220 1633 358 1698 brachiis
374 1630 513 1698 corollas
530 1631 782 1698 circumdedisse.
816 1631 885 1700 Cir.
902 1631 1028 1697 Pindar.
1044 1632 1176 1720 Olymp.

174 1746 220 1824 11,
243 1747 285 1812 74
311 1753 343 1808 et
365 1742 517 1811 Clemens
540 1743 630 1810 Alex.
652 1744 750 1810 Paed.
772 1744 803 1809 11
827 1743 883 1809 ed.'
903 1741 977 1808 Col.
1006 1768 1037 1830 p.
1063 1746 1124 1810 154
1148 1744 1177 1808 t.

174 1857 345 1921 Praeterea
373 1855 461 1942 apud
483 1854 681 1921 Athenaeum
709 1857 820 1920 forsan
841 1857 960 1920 rectius
984 1853 1088 1920 editur
1110 1878 1178 1920 τοι·

173 1961 290 2053 γάρτοι
319 1959 506 2056 στεφάνων,
539 1988 600 2053 pro
630 1988 695 2054 quo
730 1966 825 2032 codd.
854 1966 975 2031 habent
1001 1967 1179 2053 τοιγαροῦν

175 2073 357 2168 στεφάνων.

262 2190 304 2254 V.
341 2189 439 2254 Vsa
462 2192 506 2266 εὶς
527 2182 633 2269 αὐτὴν
654 2190 761 2276 ἔρχεαι
779 2186 991 2278 Ἀμφίπολιν.
1033 2188 1123 2254 lners
1146 2198 1179 2254 et

175 2303 315 2366 ieiunmn
338 2310 387 2366 est
407 2298 490 2366 illud
512 2295 624 2381 αὐτήν,
649 2321 711 2388 pro
734 2321 799 2387 qno
821 2300 896 2366 vide
919 2323 960 2364 an
982 2295 1084 2380 αἰπήν
1105 2302 1179 2364 scri-

174 2411 312 2478 bendum
343 2415 393 2478 sit.
447 2411 537 2477 Nihil
565 2410 799 2499 propemodum
831 2412 983 2477 differunt
1010 2411 1183 2477 AIHHN
1279 2409 1281 2420 '

175 2533 209 2589 et
230 2525 415 2590 AYTHN.
465 2523 540 2588 Alta
563 2533 666 2589 autem
689 2527 818 2610 quaevis
842 2522 918 2588 urbs
940 2524 1179 2609 vocari'potuit

174 2645 309 2723 propter
338 2634 519 2722 acropolin:
548 2638 609 2700 nisi
638 2634 796 2722 explicare
824 2644 966 2722 praestat
995 2634 1179 2721 praecla-

174 2770 268 2828 ram,
296 2757 332 2814 ut
353 2746 563 2814 Dioscorides
587 2749 696 2836 Epigr.
719 2748 808 2812 XXII
829 2748 936 2812 Paron
965 2745 1044 2812 dixit
1068 2742 1179 2827 νήσων

176 2856 367 2940 αἰνοτάτην.
418 2857 613 2939 Brrmclrius‚
640 2869 677 2924 ut
703 2881 791 2925 nunc
810 2857 923 2938 video,
951 2880 1022 2923 eum
1043 2858 1177 2924 Reislrio

175 2973 301 3058 scripsit
322 2966 460 3052 κλειτήν.
507 2971 604 3038 vsa
625 2969 730 3036 malim
753 2965 934 3061 Νικαγόρρ.

525 3199 826 3277 mammons.

263 3339 287 3404 1.
325 3338 474 3406 Mutilum
502 3340 566 3406 hoc
593 3360 719 3404 carmen
746 3360 824 3440 esse⁸
845 3341 909 3404 iam
930 3337 1110 3405 Brunckius
1131 3343 1179 3406 in-

41 3489 44 3496 ,
176 3450 307 3516 tellcxit.
336 3453 432 3518 Vs5
454 3449 526 3516 cod.
540 3448 607 3516 Pal.
628 3450 753 3528 κλιινος
773 3445 913 3539 ἡὸσιιερ
929 3447 1042 3537 ἄμμιν.
1077 3451 1179 3538 Quod

176 3583 245 3627 non
265 3573 352 3630 recte
376 3561 576 3628 emendatum
591 3570 641 3626 est
658 3561 865 3643 aBrunckio,
886 3564 941 3648 qui
957 3566 1082 3652 scripsit
1094 3566 1179 3630 κλει

176 3667 235 3750 νὸς
256 3669 363 3761 ὥσπερ
383 3669 495 3760 ὔμμιν.
544 3675 609 3739 Pro
638 3669 763 3755 κλεινός
784 3676 958 3740 Hermanni
985 3698 1081 3742 suasu
1103 3678 1179 3742 seri-

175 3787 226 3872 psi
241 3785 382 3864 Κλεῖνις.
415 3787 588 3872 Sequentia
609 3784 797 3851 insanabilia
819 3797 894 3854 sunt
917 3797 949 3853 et
969 3787 1084 3852 luxata.
1118 3787 1179 3851 Ex-

177 3895 253 3961 cidit
281 3907 338 3962 aut
365 3919 447 3963 unus
476 3908 530 3965 aut
552 3896 618 3963 duo
640 3918 767 3977 versus,
795 3901 829 3964 in
857 3899 972 3985 quibus
999 3908 1178 3964 ceterorum

176 4010 335 4075 victorum
361 4020 469 4098 patres
497 4012 652 4076 nominati
682 4020 780 4075 crant.
825 4011 927 4075 Vsu
956 4010 1040 4094 ἔμπη
1068 4009 1179 4075 adver-

176 4120 264 4186 bium
288 4144 358 4188 esse
379 4120 463 4202 vidit
480 4124 513 4187 J.
536 4121 577 4188 G.
600 4104 830 4203 Schneiderus,
857 4125 911 4209 qui
932 4142 995 4209 pro
1016 4122 1108 4202 νίκης
1129 4144 1178 4187 re-
