<?xml version="1.0" encoding="UTF-8"?>
<!DOCTYPE html PUBLIC "-//W3C//DTD XHTML 1.0 Transitional//EN"
    "http://www.w3.org/TR/xhtml1/DTD/xhtml1-transitional.dtd">
<html xmlns="http://www.w3.org/1999/xhtml" xml:lang="en" lang="en">
 <head>
  <title>
</title>
<meta http-equiv="Content-Type" content="text/html;charset=utf-8" />
  <meta name='ocr-system' content='tesseract 3.04.00' />
  <meta name='ocr-capabilities' content='ocr_page ocr_carea ocr_par ocr_line ocrx_word'/>
</head>
<body>
  <div class='ocr_page' id='page_1' title='image "./delectuspoetaru00meingoog_0225.png"; bbox 0 0 3028 4826; ppageno 0'>
   <div class='ocr_carea' id='block_1_1' title="bbox 331 396 993 498">
    <p class='ocr_par' dir='ltr' id='par_1_1' title="bbox 331 396 993 498">
     <span class='ocr_line' id='line_1_1' title="bbox 331 396 993 498; baseline -0.002 -2"><span class='ocrx_word' id='word_1_1' title='bbox 331 441 386 496; x_wconf 72' lang='grc' dir='ltr'>τοο</span> <span class='ocrx_word' id='word_1_2' title='bbox 652 396 993 498; x_wconf 72' lang='lat' dir='ltr'>eemncnnnnn.</span> 
     </span>
    </p>
   </div>
   <div class='ocr_carea' id='block_1_2' title="bbox 589 645 1100 716">
    <p class='ocr_par' dir='ltr' id='par_1_2' title="bbox 589 645 1100 716">
     <span class='ocr_line' id='line_1_2' title="bbox 589 645 1100 716; baseline 0 -16"><span class='ocrx_word' id='word_1_3' title='bbox 589 647 837 702; x_wconf 74' lang='lat' dir='ltr'>anennonlnns</span> <span class='ocrx_word' id='word_1_4' title='bbox 854 649 993 716; x_wconf 84' lang='lat' dir='ltr'><strong>1&gt;a1.v11,</strong></span> <span class='ocrx_word' id='word_1_5' title='bbox 1012 645 1074 700; x_wconf 78' lang='grc' dir='ltr'><strong><em>ιοε.</em></strong></span> <span class='ocrx_word' id='word_1_6' title='bbox 1099 665 1100 668; x_wconf 35' lang='grc'><em>“</em></span> 
     </span>
    </p>
   </div>
   <div class='ocr_carea' id='block_1_3' title="bbox 374 755 1296 1412">
    <p class='ocr_par' dir='ltr' id='par_1_3' title="bbox 374 755 1179 961">
     <span class='ocr_line' id='line_1_3' title="bbox 374 755 1179 850; baseline -0.001 -23"><span class='ocrx_word' id='word_1_7' title='bbox 374 758 673 850; x_wconf 70' lang='grc' dir='ltr'><strong><em>Ἰχθνοθηρητῆρα</em></strong></span> <span class='ocrx_word' id='word_1_8' title='bbox 695 764 931 850; x_wconf 80' lang='grc' dir='ltr'><strong><em>Μενέστρατον</em></strong></span> <span class='ocrx_word' id='word_1_9' title='bbox 953 756 1072 830; x_wconf 84' lang='grc' dir='ltr'><strong><em>ίίλεσεν</em></strong></span> <span class='ocrx_word' id='word_1_10' title='bbox 1092 755 1179 850; x_wconf 83' lang='grc' dir='ltr'><strong><em>άγρη</em></strong></span> 
     </span>
     <span class='ocr_line' id='line_1_4' title="bbox 422 867 1125 961; baseline -0.001 -22"><span class='ocrx_word' id='word_1_11' title='bbox 422 869 595 954; x_wconf 82' lang='grc' dir='ltr'><strong><em>ὃούνακος,</em></strong></span> <span class='ocrx_word' id='word_1_12' title='bbox 617 872 752 958; x_wconf 81' lang='grc' dir='ltr'><strong><em>ὲξαμίης</em></strong></span> <span class='ocrx_word' id='word_1_13' title='bbox 773 879 809 938; x_wconf 83' lang='grc' dir='ltr'>ἐκ</span> <span class='ocrx_word' id='word_1_14' title='bbox 829 867 939 961; x_wconf 80' lang='grc' dir='ltr'><strong><em>τριχὸς</em></strong></span> <span class='ocrx_word' id='word_1_15' title='bbox 960 876 1125 959; x_wconf 74' lang='grc' dir='ltr'><strong><em>ἑλκομένη,</em></strong></span> 
     </span>
    </p>

    <p class='ocr_par' dir='ltr' id='par_1_4' title="bbox 379 980 1287 1190">
     <span class='ocr_line' id='line_1_5' title="bbox 379 980 1287 1078; baseline -0.002 -27"><span class='ocrx_word' id='word_1_16' title='bbox 379 980 470 1074; x_wconf 80' lang='grc' dir='ltr'><em>εἶδαρ</em></span> <span class='ocrx_word' id='word_1_17' title='bbox 493 981 542 1053; x_wconf 82' lang='grc' dir='ltr'>ὅτ’</span> <span class='ocrx_word' id='word_1_18' title='bbox 561 983 737 1075; x_wconf 71' lang='grc' dir='ltr'><em>ἀγκίστρου</em></span> <span class='ocrx_word' id='word_1_19' title='bbox 759 983 880 1078; x_wconf 87' lang='grc' dir='ltr'><strong><em>ῳόνιον</em></strong></span> <span class='ocrx_word' id='word_1_20' title='bbox 901 981 1028 1051; x_wconf 80' lang='grc' dir='ltr'><strong><em>πλάνον</em></strong></span> <span class='ocrx_word' id='word_1_21' title='bbox 1049 983 1287 1076; x_wconf 84' lang='grc' dir='ltr'><strong><em>άμφιχανοῦσα</em></strong></span> 
     </span>
     <span class='ocr_line' id='line_1_6' title="bbox 422 1092 1076 1190; baseline -0.002 -25.968"><span class='ocrx_word' id='word_1_22' title='bbox 422 1095 532 1179; x_wconf 83' lang='grc' dir='ltr'><strong><em>ὀξείην</em></strong></span> <span class='ocrx_word' id='word_1_23' title='bbox 553 1092 680 1187; x_wconf 71' lang='grc' dir='ltr'><strong><em>ἐρυθρή</em></strong></span> <span class='ocrx_word' id='word_1_24' title='bbox 703 1101 800 1190; x_wconf 83' lang='grc' dir='ltr'><strong><em>ῳνκὶς</em></strong></span> <span class='ocrx_word' id='word_1_25' title='bbox 821 1096 936 1190; x_wconf 79' lang='grc' dir='ltr'><strong><em>ίῳριξε</em></strong></span> <span class='ocrx_word' id='word_1_26' title='bbox 951 1093 1076 1182; x_wconf 92' lang='grc' dir='ltr'><strong><em>πάγην·</em></strong></span> 
     </span>
    </p>

    <p class='ocr_par' dir='ltr' id='par_1_5' title="bbox 378 1203 1296 1412">
     <span class='ocr_line' id='line_1_7' title="bbox 378 1203 1296 1334; baseline -0.002 -59"><span class='ocrx_word' id='word_1_27' title='bbox 378 1206 543 1297; x_wconf 85' lang='grc' dir='ltr'><strong><em>άγρνμένη</em></strong></span> <span class='ocrx_word' id='word_1_28' title='bbox 565 1206 627 1275; x_wconf 69' lang='grc' dir='ltr'>δ’“</span> <span class='ocrx_word' id='word_1_29' title='bbox 613 1233 659 1276; x_wconf 86' lang='grc' dir='ltr'>υπ</span> <span class='ocrx_word' id='word_1_30' title='bbox 661 1205 799 1277; x_wconf 77' lang='grc' dir='ltr'><strong><em>’ὀδόντι</em></strong></span> <span class='ocrx_word' id='word_1_31' title='bbox 820 1214 1015 1276; x_wconf 79' lang='grc' dir='ltr'><strong><em>κατέκτανεν</em></strong></span> <span class='ocrx_word' id='word_1_32' title='bbox 1037 1204 1160 1295; x_wconf 80' lang='grc' dir='ltr'><strong><em>ἅλματι</em></strong></span> <span class='ocrx_word' id='word_1_33' title='bbox 1181 1203 1296 1334; x_wconf 79' lang='grc' dir='ltr'><strong><em>λάβρῳ</em></strong></span> 
     </span>
     <span class='ocr_line' id='line_1_8' title="bbox 422 1317 1106 1412; baseline 0.001 -25"><span class='ocrx_word' id='word_1_34' title='bbox 422 1317 515 1399; x_wconf 70' lang='grc' dir='ltr'><strong><em>ἐντὸς</em></strong></span> <span class='ocrx_word' id='word_1_35' title='bbox 536 1318 729 1410; x_wconf 77' lang='grc' dir='ltr'><strong><em>ὀλισθηρῶν</em></strong></span> <span class='ocrx_word' id='word_1_36' title='bbox 750 1323 916 1408; x_wconf 74' lang='grc' dir='ltr'><strong><em>ὁνσαγιένη</em></strong></span> <span class='ocrx_word' id='word_1_37' title='bbox 939 1317 1106 1412; x_wconf 80' lang='grc' dir='ltr'><strong><em>ῳαρύγων.</em></strong></span> 
     </span>
    </p>
   </div>
   <div class='ocr_carea' id='block_1_4' title="bbox 238 1468 1340 4016">
    <p class='ocr_par' dir='ltr' id='par_1_6' title="bbox 334 1468 1340 2004">
     <span class='ocr_line' id='line_1_9' title="bbox 335 1468 1339 1556; baseline -0.002 -21"><span class='ocrx_word' id='word_1_38' title='bbox 335 1468 494 1556; x_wconf 86' lang='lat' dir='ltr'><strong>Scriptum</strong></span> <span class='ocrx_word' id='word_1_39' title='bbox 516 1471 579 1534; x_wconf 87' lang='lat' dir='ltr'>hoe</span> <span class='ocrx_word' id='word_1_40' title='bbox 601 1492 727 1535; x_wconf 85' lang='lat' dir='ltr'>carmen</span> <span class='ocrx_word' id='word_1_41' title='bbox 750 1472 829 1535; x_wconf 86' lang='lat' dir='ltr'>est</span> <span class='ocrx_word' id='word_1_42' title='bbox 819 1492 854 1534; x_wconf 87' lang='lat' dir='ltr'>m</span> <span class='ocrx_word' id='word_1_43' title='bbox 875 1472 1080 1555; x_wconf 78' lang='lat' dir='ltr'><strong>piscatorem,</strong></span> <span class='ocrx_word' id='word_1_44' title='bbox 1106 1490 1199 1556; x_wconf 86' lang='lat' dir='ltr'>quem</span> <span class='ocrx_word' id='word_1_45' title='bbox 1219 1470 1339 1556; x_wconf 85' lang='lat' dir='ltr'><strong>phycis</strong></span> 
     </span>
     <span class='ocr_line' id='line_1_10' title="bbox 335 1581 1340 1668; baseline 0 -22"><span class='ocrx_word' id='word_1_46' title='bbox 335 1581 507 1647; x_wconf 88' lang='lat' dir='ltr'>occiderat.</span> <span class='ocrx_word' id='word_1_47' title='bbox 558 1583 665 1646; x_wconf 84' lang='lat' dir='ltr'>Versu</span> <span class='ocrx_word' id='word_1_48' title='bbox 693 1581 836 1647; x_wconf 86' lang='lat' dir='ltr'>secundo</span> <span class='ocrx_word' id='word_1_49' title='bbox 865 1602 934 1646; x_wconf 89' lang='lat' dir='ltr'>non</span> <span class='ocrx_word' id='word_1_50' title='bbox 961 1581 1099 1647; x_wconf 86' lang='lat' dir='ltr'>dubitari</span> <span class='ocrx_word' id='word_1_51' title='bbox 1127 1590 1236 1667; x_wconf 84' lang='lat' dir='ltr'>potest</span> <span class='ocrx_word' id='word_1_52' title='bbox 1258 1583 1340 1668; x_wconf 92' lang='lat' dir='ltr'>quin</span> 
     </span>
     <span class='ocr_line' id='line_1_11' title="bbox 334 1691 1339 1781; baseline -0.002 -21"><span class='ocrx_word' id='word_1_53' title='bbox 334 1715 395 1781; x_wconf 89' lang='lat' dir='ltr'>pro</span> <span class='ocrx_word' id='word_1_54' title='bbox 418 1692 553 1781; x_wconf 79' lang='grc' dir='ltr'><strong><em>ἐξαμίης</em></strong></span> <span class='ocrx_word' id='word_1_55' title='bbox 573 1695 605 1757; x_wconf 88' lang='lat' dir='ltr'>J.</span> <span class='ocrx_word' id='word_1_56' title='bbox 620 1693 660 1758; x_wconf 89' lang='lat' dir='ltr'>G.</span> <span class='ocrx_word' id='word_1_57' title='bbox 675 1692 889 1758; x_wconf 89' lang='lat' dir='ltr'>Schneiderus</span> <span class='ocrx_word' id='word_1_58' title='bbox 911 1702 998 1758; x_wconf 85' lang='lat' dir='ltr'>recte</span> <span class='ocrx_word' id='word_1_59' title='bbox 1019 1691 1175 1778; x_wconf 78' lang='grc' dir='ltr'><strong><em>ἑξαμίτης</em></strong></span> <span class='ocrx_word' id='word_1_60' title='bbox 1196 1692 1339 1758; x_wconf 89' lang='lat' dir='ltr'>scriben-</span> 
     </span>
     <span class='ocr_line' id='line_1_12' title="bbox 335 1799 1338 1894; baseline -0.001 -24"><span class='ocrx_word' id='word_1_61' title='bbox 335 1805 410 1870; x_wconf 87' lang='lat' dir='ltr'>dum</span> <span class='ocrx_word' id='word_1_62' title='bbox 439 1808 621 1870; x_wconf 85' lang='lat' dir='ltr'>coniecen&#39;t.</span> <span class='ocrx_word' id='word_1_63' title='bbox 652 1806 724 1870; x_wconf 89' lang='lat' dir='ltr'>Vs.</span> <span class='ocrx_word' id='word_1_64' title='bbox 745 1807 767 1871; x_wconf 81' lang='lat'><strong>3</strong></span> <span class='ocrx_word' id='word_1_65' title='bbox 795 1805 895 1870; x_wconf 86' lang='lat' dir='ltr'>verba</span> <span class='ocrx_word' id='word_1_66' title='bbox 917 1800 1037 1894; x_wconf 87' lang='grc' dir='ltr'><strong><em>φόνιον</em></strong></span> <span class='ocrx_word' id='word_1_67' title='bbox 1057 1799 1199 1892; x_wconf 79' lang='grc' dir='ltr'><strong><em>πλάνον,</em></strong></span> <span class='ocrx_word' id='word_1_68' title='bbox 1226 1805 1338 1869; x_wconf 88' lang='lat' dir='ltr'>frau-</span> 
     </span>
     <span class='ocr_line' id='line_1_13' title="bbox 336 1911 1337 2004; baseline -0.002 -21"><span class='ocrx_word' id='word_1_69' title='bbox 336 1917 420 1983; x_wconf 87' lang='lat' dir='ltr'>dem</span> <span class='ocrx_word' id='word_1_70' title='bbox 442 1916 621 1995; x_wconf 87' lang='lat' dir='ltr'>letalem,</span> <span class='ocrx_word' id='word_1_71' title='bbox 645 1920 858 2004; x_wconf 89' lang='lat' dir='ltr'>appositionis</span> <span class='ocrx_word' id='word_1_72' title='bbox 876 1916 950 1983; x_wconf 88' lang='lat' dir='ltr'>loco</span> <span class='ocrx_word' id='word_1_73' title='bbox 967 1939 1037 1982; x_wconf 89' lang='lat' dir='ltr'>cum</span> <span class='ocrx_word' id='word_1_74' title='bbox 1052 1911 1143 2004; x_wconf 82' lang='grc' dir='ltr'><strong><em>εἶδαρ</em></strong></span> <span class='ocrx_word' id='word_1_75' title='bbox 1158 1912 1337 2004; x_wconf 75' lang='grc' dir='ltr'><strong><em>ἀγκίστρου</em></strong></span> 
     </span>
    </p>

    <p class='ocr_par' dir='ltr' id='par_1_7' title="bbox 238 2021 1338 4016">
     <span class='ocr_line' id='line_1_14' title="bbox 335 2021 1338 2118; baseline -0.001 -25"><span class='ocrx_word' id='word_1_76' title='bbox 335 2027 562 2117; x_wconf 83' lang='lat' dir='ltr'>coniungenda</span> <span class='ocrx_word' id='word_1_77' title='bbox 583 2038 671 2106; x_wconf 88' lang='lat' dir='ltr'>sunt;</span> <span class='ocrx_word' id='word_1_78' title='bbox 693 2031 755 2094; x_wconf 90' lang='lat' dir='ltr'>nisi</span> <span class='ocrx_word' id='word_1_79' title='bbox 776 2030 862 2094; x_wconf 83' lang='lat' dir='ltr'>forte</span> <span class='ocrx_word' id='word_1_80' title='bbox 883 2027 972 2093; x_wconf 88' lang='lat' dir='ltr'>maiis</span> <span class='ocrx_word' id='word_1_81' title='bbox 996 2021 1277 2118; x_wconf 82' lang='grc' dir='ltr'><strong><em>φονίου-πλάνον,</em></strong></span> <span class='ocrx_word' id='word_1_82' title='bbox 1299 2037 1338 2092; x_wconf 92' lang='lat' dir='ltr'>ut</span> 
     </span>
     <span class='ocr_line' id='line_1_15' title="bbox 238 2117 1336 2206; baseline -0.002 -1"><span class='ocrx_word' id='word_1_83' title='bbox 238 2117 243 2128; x_wconf 42' lang='lat'><strong>⁴</strong></span> <span class='ocrx_word' id='word_1_84' title='bbox 334 2136 462 2206; x_wconf 88' lang='grc' dir='ltr'><strong><em>πλάνον</em></strong></span> <span class='ocrx_word' id='word_1_85' title='bbox 483 2139 673 2206; x_wconf 88' lang='lat' dir='ltr'>adiectivum</span> <span class='ocrx_word' id='word_1_86' title='bbox 695 2143 745 2206; x_wconf 87' lang='lat' dir='ltr'>sit.</span> <span class='ocrx_word' id='word_1_87' title='bbox 792 2142 850 2205; x_wconf 89' lang='lat' dir='ltr'>Vs.</span> <span class='ocrx_word' id='word_1_88' title='bbox 872 2142 893 2206; x_wconf 83' lang='grc'>4</span> <span class='ocrx_word' id='word_1_89' title='bbox 921 2138 1135 2206; x_wconf 87' lang='lat' dir='ltr'>memorabilis</span> <span class='ocrx_word' id='word_1_90' title='bbox 1163 2148 1212 2203; x_wconf 89' lang='lat' dir='ltr'>est</span> <span class='ocrx_word' id='word_1_91' title='bbox 1232 2139 1336 2204; x_wconf 85' lang='lat' dir='ltr'>forma</span> 
     </span>
     <span class='ocr_line' id='line_1_16' title="bbox 335 2249 1337 2340; baseline -0.002 -22"><span class='ocrx_word' id='word_1_92' title='bbox 335 2249 424 2334; x_wconf 85' lang='grc' dir='ltr'><strong><em>ὀξείη</em></strong></span> <span class='ocrx_word' id='word_1_93' title='bbox 446 2274 506 2340; x_wconf 85' lang='lat' dir='ltr'>pro</span> <span class='ocrx_word' id='word_1_94' title='bbox 522 2250 629 2332; x_wconf 81' lang='grc' dir='ltr'><strong><em>ὀξεῖα,</em></strong></span> <span class='ocrx_word' id='word_1_95' title='bbox 656 2255 744 2318; x_wconf 89' lang='lat' dir='ltr'>cuius</span> <span class='ocrx_word' id='word_1_96' title='bbox 768 2274 850 2340; x_wconf 88' lang='lat' dir='ltr'>quae</span> <span class='ocrx_word' id='word_1_97' title='bbox 870 2255 986 2339; x_wconf 86' lang='lat' dir='ltr'>passim</span> <span class='ocrx_word' id='word_1_98' title='bbox 1009 2250 1152 2338; x_wconf 85' lang='lat' dir='ltr'>exempla</span> <span class='ocrx_word' id='word_1_99' title='bbox 1173 2254 1337 2338; x_wconf 89' lang='lat' dir='ltr'>reperiun-</span> 
     </span>
     <span class='ocr_line' id='line_1_17' title="bbox 334 2362 1336 2452; baseline -0.002 -22"><span class='ocrx_word' id='word_1_100' title='bbox 334 2374 387 2430; x_wconf 85' lang='lat' dir='ltr'>tur</span> <span class='ocrx_word' id='word_1_101' title='bbox 415 2369 459 2430; x_wconf 87' lang='lat' dir='ltr'>ita</span> <span class='ocrx_word' id='word_1_102' title='bbox 486 2365 554 2430; x_wconf 85' lang='lat' dir='ltr'>iere</span> <span class='ocrx_word' id='word_1_103' title='bbox 583 2375 764 2452; x_wconf 88' lang='lat' dir='ltr'>comparata</span> <span class='ocrx_word' id='word_1_104' title='bbox 793 2374 881 2444; x_wconf 90' lang='lat' dir='ltr'>sunt,</span> <span class='ocrx_word' id='word_1_105' title='bbox 910 2374 946 2430; x_wconf 92' lang='lat' dir='ltr'>ut</span> <span class='ocrx_word' id='word_1_106' title='bbox 976 2363 1085 2429; x_wconf 84' lang='lat' dir='ltr'>eadem</span> <span class='ocrx_word' id='word_1_107' title='bbox 1112 2384 1213 2449; x_wconf 85' lang='lat' dir='ltr'>opera</span> <span class='ocrx_word' id='word_1_108' title='bbox 1234 2362 1336 2428; x_wconf 89' lang='lat' dir='ltr'>altera</span> 
     </span>
     <span class='ocr_line' id='line_1_18' title="bbox 334 2474 1337 2563; baseline 0 -22"><span class='ocrx_word' id='word_1_109' title='bbox 334 2477 437 2541; x_wconf 83' lang='lat' dir='ltr'>forma</span> <span class='ocrx_word' id='word_1_110' title='bbox 459 2476 607 2542; x_wconf 89' lang='lat' dir='ltr'>substitui</span> <span class='ocrx_word' id='word_1_111' title='bbox 629 2479 743 2563; x_wconf 75' lang='lat' dir='ltr'>possit.</span> <span class='ocrx_word' id='word_1_112' title='bbox 793 2474 893 2562; x_wconf 85' lang='lat' dir='ltr'><strong>Quod</strong></span> <span class='ocrx_word' id='word_1_113' title='bbox 915 2479 949 2541; x_wconf 92' lang='lat' dir='ltr'>in</span> <span class='ocrx_word' id='word_1_114' title='bbox 971 2484 1115 2540; x_wconf 88' lang='lat' dir='ltr'>nostrum</span> <span class='ocrx_word' id='word_1_115' title='bbox 1137 2474 1246 2540; x_wconf 86' lang='lat' dir='ltr'><strong>locum</strong></span> <span class='ocrx_word' id='word_1_116' title='bbox 1267 2497 1337 2541; x_wconf 93' lang='lat' dir='ltr'>non</span> 
     </span>
     <span class='ocr_line' id='line_1_19' title="bbox 335 2583 1336 2675; baseline 0 -23"><span class='ocrx_word' id='word_1_117' title='bbox 335 2588 428 2653; x_wconf 87' lang='lat' dir='ltr'>eadit.</span> <span class='ocrx_word' id='word_1_118' title='bbox 472 2590 586 2674; x_wconf 83' lang='lat' dir='ltr'>Neque</span> <span class='ocrx_word' id='word_1_119' title='bbox 614 2589 708 2653; x_wconf 88' lang='lat' dir='ltr'>aliter</span> <span class='ocrx_word' id='word_1_120' title='bbox 729 2588 898 2675; x_wconf 83' lang='lat' dir='ltr'>Oppianus</span> <span class='ocrx_word' id='word_1_121' title='bbox 919 2585 992 2652; x_wconf 89' lang='lat' dir='ltr'>Hal.</span> <span class='ocrx_word' id='word_1_122' title='bbox 1014 2588 1056 2665; x_wconf 89' lang='lat' dir='ltr'>V,</span> <span class='ocrx_word' id='word_1_123' title='bbox 1078 2589 1144 2653; x_wconf 82' lang='lat'>605</span> <span class='ocrx_word' id='word_1_124' title='bbox 1173 2583 1194 2667; x_wconf 83' lang='grc' dir='ltr'><em>ἡ</em></span> <span class='ocrx_word' id='word_1_125' title='bbox 1222 2586 1257 2653; x_wconf 83' lang='grc' dir='ltr'>δὲ</span> <span class='ocrx_word' id='word_1_126' title='bbox 1283 2591 1336 2652; x_wconf 84' lang='grc' dir='ltr'>τέ-</span> 
     </span>
     <span class='ocr_line' id='line_1_20' title="bbox 334 2694 1337 2786; baseline 0.001 -22"><span class='ocrx_word' id='word_1_127' title='bbox 334 2721 447 2764; x_wconf 85' lang='grc' dir='ltr'><strong><em>τυκται</em></strong></span> <span class='ocrx_word' id='word_1_128' title='bbox 474 2695 575 2779; x_wconf 81' lang='grc' dir='ltr'><strong><em>λεπτή</em></strong></span> <span class='ocrx_word' id='word_1_129' title='bbox 602 2696 632 2764; x_wconf 87' lang='grc' dir='ltr'>τ’</span> <span class='ocrx_word' id='word_1_130' title='bbox 659 2695 748 2780; x_wconf 80' lang='grc' dir='ltr'><strong><em>ὀξείη</em></strong></span> <span class='ocrx_word' id='word_1_131' title='bbox 780 2722 815 2764; x_wconf 87' lang='grc' dir='ltr'>τε</span> <span class='ocrx_word' id='word_1_132' title='bbox 844 2700 900 2764; x_wconf 84' lang='grc' dir='ltr'>διά</span> <span class='ocrx_word' id='word_1_133' title='bbox 928 2701 1067 2786; x_wconf 78' lang='grc' dir='ltr'><strong><em>σχοίνων</em></strong></span> <span class='ocrx_word' id='word_1_134' title='bbox 1095 2696 1126 2764; x_wconf 82' lang='grc' dir='ltr'>δ’</span> <span class='ocrx_word' id='word_1_135' title='bbox 1152 2694 1337 2766; x_wconf 80' lang='grc' dir='ltr'><strong><em>ἐτάνυσσαν</em></strong></span> 
     </span>
     <span class='ocr_line' id='line_1_21' title="bbox 335 2805 1336 2901; baseline 0 -24"><span class='ocrx_word' id='word_1_136' title='bbox 335 2811 467 2901; x_wconf 80' lang='grc' dir='ltr'><strong><em>φορβῆς</em></strong></span> <span class='ocrx_word' id='word_1_137' title='bbox 494 2814 629 2895; x_wconf 81' lang='grc' dir='ltr'><strong><em>ἱέμεναι.</em></strong></span> <span class='ocrx_word' id='word_1_138' title='bbox 679 2810 850 2877; x_wconf 86' lang='lat' dir='ltr'>Marcellus</span> <span class='ocrx_word' id='word_1_139' title='bbox 879 2811 945 2878; x_wconf 85' lang='lat' dir='ltr'>sid.</span> <span class='ocrx_word' id='word_1_140' title='bbox 975 2812 1086 2900; x_wconf 81' lang='lat' dir='ltr'><strong>fragm.</strong></span> <span class='ocrx_word' id='word_1_141' title='bbox 1112 2805 1156 2876; x_wconf 83' lang='lat' dir='ltr'>¹de</span> <span class='ocrx_word' id='word_1_142' title='bbox 1185 2811 1265 2876; x_wconf 88' lang='lat' dir='ltr'><strong>Pisc.</strong></span> <span class='ocrx_word' id='word_1_143' title='bbox 1291 2814 1336 2877; x_wconf 79' lang='lat'>25</span> 
     </span>
     <span class='ocr_line' id='line_1_22' title="bbox 334 2912 1336 3013; baseline 0.001 -26"><span class='ocrx_word' id='word_1_144' title='bbox 334 2924 486 3013; x_wconf 69' lang='lat' dir='ltr'>repitent</span> <span class='ocrx_word' id='word_1_145' title='bbox 511 2916 632 3009; x_wconf 87' lang='grc' dir='ltr'><strong><em>νάρκαι</em></strong></span> <span class='ocrx_word' id='word_1_146' title='bbox 659 2945 694 2987; x_wconf 90' lang='grc' dir='ltr'>τε</span> <span class='ocrx_word' id='word_1_147' title='bbox 720 2925 777 2988; x_wconf 85' lang='grc' dir='ltr'>καὶ</span> <span class='ocrx_word' id='word_1_148' title='bbox 805 2920 897 3004; x_wconf 81' lang='grc' dir='ltr'><strong><em>ἡδείη</em></strong></span> <span class='ocrx_word' id='word_1_149' title='bbox 925 2912 1094 3012; x_wconf 75' lang='grc' dir='ltr'><strong><em>ἀκαλήφη.</em></strong></span> <span class='ocrx_word' id='word_1_150' title='bbox 1143 2923 1245 2988; x_wconf 86' lang='lat' dir='ltr'>Poeta</span> <span class='ocrx_word' id='word_1_151' title='bbox 1273 2925 1336 2988; x_wconf 90' lang='lat' dir='ltr'>inc.</span> 
     </span>
     <span class='ocr_line' id='line_1_23' title="bbox 335 3029 1336 3123; baseline 0.002 -25"><span class='ocrx_word' id='word_1_152' title='bbox 335 3033 482 3121; x_wconf 85' lang='lat' dir='ltr'>Append.</span> <span class='ocrx_word' id='word_1_153' title='bbox 499 3033 593 3098; x_wconf 82' lang='lat' dir='ltr'>Anth.</span> <span class='ocrx_word' id='word_1_154' title='bbox 609 3032 676 3098; x_wconf 92' lang='lat' dir='ltr'>Pal.</span> <span class='ocrx_word' id='word_1_155' title='bbox 694 3055 726 3098; x_wconf 95' lang='lat' dir='ltr'>n.</span> <span class='ocrx_word' id='word_1_156' title='bbox 741 3037 850 3114; x_wconf 49' lang='lat' dir='ltr'>270st</span> <span class='ocrx_word' id='word_1_157' title='bbox 875 3032 1002 3123; x_wconf 80' lang='grc' dir='ltr'><strong><em>οὐρείην</em></strong></span> <span class='ocrx_word' id='word_1_158' title='bbox 1016 3029 1231 3114; x_wconf 82' lang='grc' dir='ltr'><strong><em>ὲξετάννσσας</em></strong></span> <span class='ocrx_word' id='word_1_159' title='bbox 1245 3029 1336 3100; x_wconf 82' lang='grc' dir='ltr'><strong><em>ὁδόν.</em></strong></span> 
     </span>
     <span class='ocr_line' id='line_1_24' title="bbox 334 3145 1338 3236; baseline 0.001 -27"><span class='ocrx_word' id='word_1_160' title='bbox 334 3146 410 3209; x_wconf 88' lang='lat' dir='ltr'>Non</span> <span class='ocrx_word' id='word_1_161' title='bbox 439 3156 526 3210; x_wconf 86' lang='lat' dir='ltr'>reete</span> <span class='ocrx_word' id='word_1_162' title='bbox 553 3147 651 3234; x_wconf 84' lang='lat' dir='ltr'>igitur</span> <span class='ocrx_word' id='word_1_163' title='bbox 675 3147 732 3210; x_wconf 86' lang='lat' dir='ltr'>has</span> <span class='ocrx_word' id='word_1_164' title='bbox 760 3145 879 3211; x_wconf 86' lang='lat' dir='ltr'>formas</span> <span class='ocrx_word' id='word_1_165' title='bbox 903 3169 940 3212; x_wconf 84' lang='lat' dir='ltr'>ex</span> <span class='ocrx_word' id='word_1_166' title='bbox 962 3150 1086 3236; x_wconf 82' lang='lat' dir='ltr'>graecis</span> <span class='ocrx_word' id='word_1_167' title='bbox 1109 3149 1214 3233; x_wconf 86' lang='lat' dir='ltr'>poetis</span> <span class='ocrx_word' id='word_1_168' title='bbox 1237 3145 1338 3212; x_wconf 90' lang='lat' dir='ltr'>elimi-</span> 
     </span>
     <span class='ocr_line' id='line_1_25' title="bbox 334 3243 1336 3348; baseline 0.004 -28"><span class='ocrx_word' id='word_1_169' title='bbox 334 3255 455 3321; x_wconf 88' lang='lat' dir='ltr'>nandas</span> <span class='ocrx_word' id='word_1_170' title='bbox 479 3261 601 3321; x_wconf 88' lang='lat' dir='ltr'>censuit</span> <span class='ocrx_word' id='word_1_171' title='bbox 615 3256 876 3324; x_wconf 85' lang='lat' dir='ltr'>Schneidewinus</span> <span class='ocrx_word' id='word_1_172' title='bbox 892 3261 1017 3348; x_wconf 82' lang='lat' dir='ltr'><strong>Fragm.</strong></span> <span class='ocrx_word' id='word_1_173' title='bbox 1033 3256 1187 3325; x_wconf 67' lang='lat' dir='ltr'>simonie</span> <span class='ocrx_word' id='word_1_174' title='bbox 1210 3283 1243 3345; x_wconf 91' lang='lat' dir='ltr'>p.</span> <span class='ocrx_word' id='word_1_175' title='bbox 1261 3243 1336 3324; x_wconf 83' lang='lat'><strong>145.</strong></span> 
     </span>
     <span class='ocr_line' id='line_1_26' title="bbox 333 3366 1338 3455; baseline 0.002 -21"><span class='ocrx_word' id='word_1_176' title='bbox 333 3367 400 3434; x_wconf 88' lang='lat' dir='ltr'>Sed</span> <span class='ocrx_word' id='word_1_177' title='bbox 420 3370 455 3433; x_wconf 91' lang='lat' dir='ltr'>in</span> <span class='ocrx_word' id='word_1_178' title='bbox 470 3368 686 3455; x_wconf 74' lang='lat' dir='ltr'>Apolloniden</span> <span class='ocrx_word' id='word_1_179' title='bbox 707 3391 803 3434; x_wconf 88' lang='lat' dir='ltr'>versu</span> <span class='ocrx_word' id='word_1_180' title='bbox 824 3366 913 3450; x_wconf 85' lang='grc' dir='ltr'><strong><em>ὀξείη</em></strong></span> <span class='ocrx_word' id='word_1_181' title='bbox 936 3369 980 3436; x_wconf 88' lang='lat' dir='ltr'>ob</span> <span class='ocrx_word' id='word_1_182' title='bbox 1003 3368 1096 3436; x_wconf 82' lang='lat' dir='ltr'>aliam</span> <span class='ocrx_word' id='word_1_183' title='bbox 1114 3391 1238 3438; x_wconf 85' lang='lat' dir='ltr'>causam</span> <span class='ocrx_word' id='word_1_184' title='bbox 1259 3369 1338 3436; x_wconf 90' lang='lat' dir='ltr'>mihi</span> 
     </span>
     <span class='ocr_line' id='line_1_27' title="bbox 312 3474 1338 3571; baseline 0.003 -27"><span class='ocrx_word' id='word_1_185' title='bbox 312 3483 514 3566; x_wconf 82' lang='lat' dir='ltr'>&#39;suspectum</span> <span class='ocrx_word' id='word_1_186' title='bbox 537 3489 594 3546; x_wconf 87' lang='lat' dir='ltr'>est</span> <span class='ocrx_word' id='word_1_187' title='bbox 638 3481 722 3546; x_wconf 91' lang='lat' dir='ltr'>Nam</span> <span class='ocrx_word' id='word_1_188' title='bbox 744 3503 814 3550; x_wconf 88' lang='lat' dir='ltr'>cum</span> <span class='ocrx_word' id='word_1_189' title='bbox 836 3474 926 3565; x_wconf 86' lang='grc' dir='ltr'><strong><em>πάγη</em></strong></span> <span class='ocrx_word' id='word_1_190' title='bbox 949 3503 1017 3549; x_wconf 90' lang='lat' dir='ltr'>non</span> <span class='ocrx_word' id='word_1_191' title='bbox 1039 3482 1081 3548; x_wconf 90' lang='lat' dir='ltr'>de</span> <span class='ocrx_word' id='word_1_192' title='bbox 1103 3478 1267 3571; x_wconf 82' lang='grc' dir='ltr'><strong><em>ἀγκίστρῳ</em></strong></span> <span class='ocrx_word' id='word_1_193' title='bbox 1288 3484 1338 3547; x_wconf 94' lang='lat' dir='ltr'>in-</span> 
     </span>
     <span class='ocr_line' id='line_1_28' title="bbox 334 3591 1337 3681; baseline -0.001 -23"><span class='ocrx_word' id='word_1_194' title='bbox 334 3591 438 3681; x_wconf 82' lang='lat' dir='ltr'>telligi</span> <span class='ocrx_word' id='word_1_195' title='bbox 459 3595 576 3679; x_wconf 81' lang='lat' dir='ltr'><strong>possit,</strong></span> <span class='ocrx_word' id='word_1_196' title='bbox 604 3592 725 3658; x_wconf 84' lang='lat' dir='ltr'>sedda</span> <span class='ocrx_word' id='word_1_197' title='bbox 748 3591 917 3672; x_wconf 86' lang='lat' dir='ltr'>arundine,</span> <span class='ocrx_word' id='word_1_198' title='bbox 940 3616 1032 3681; x_wconf 89' lang='lat' dir='ltr'>quam</span> <span class='ocrx_word' id='word_1_199' title='bbox 1054 3597 1167 3681; x_wconf 84' lang='lat' dir='ltr'>piscis,</span> <span class='ocrx_word' id='word_1_200' title='bbox 1190 3615 1260 3659; x_wconf 88' lang='lat' dir='ltr'>cum</span> <span class='ocrx_word' id='word_1_201' title='bbox 1281 3594 1337 3658; x_wconf 90' lang='lat' dir='ltr'>ha-</span> 
     </span>
     <span class='ocr_line' id='line_1_29' title="bbox 333 3704 1337 3792; baseline 0.001 -23"><span class='ocrx_word' id='word_1_202' title='bbox 333 3726 404 3774; x_wconf 86' lang='lat' dir='ltr'>mus</span> <span class='ocrx_word' id='word_1_203' title='bbox 426 3707 477 3776; x_wconf 85' lang='lat' dir='ltr'>ori</span> <span class='ocrx_word' id='word_1_204' title='bbox 498 3706 693 3784; x_wconf 82' lang='lat' dir='ltr'>inhaereret,</span> <span class='ocrx_word' id='word_1_205' title='bbox 721 3704 857 3771; x_wconf 90' lang='lat' dir='ltr'>tremulo</span> <span class='ocrx_word' id='word_1_206' title='bbox 886 3715 975 3771; x_wconf 89' lang='lat' dir='ltr'>motu</span> <span class='ocrx_word' id='word_1_207' title='bbox 999 3704 1217 3785; x_wconf 85' lang='lat' dir='ltr'>concutiebat,</span> <span class='ocrx_word' id='word_1_208' title='bbox 1245 3726 1337 3792; x_wconf 89' lang='lat' dir='ltr'>aper-</span> 
     </span>
     <span class='ocr_line' id='line_1_30' title="bbox 334 3812 1338 3904; baseline -0.001 -22"><span class='ocrx_word' id='word_1_209' title='bbox 334 3827 400 3882; x_wconf 91' lang='lat' dir='ltr'>tum</span> <span class='ocrx_word' id='word_1_210' title='bbox 430 3827 478 3882; x_wconf 86' lang='lat' dir='ltr'>est</span> <span class='ocrx_word' id='word_1_211' title='bbox 505 3812 596 3896; x_wconf 83' lang='grc' dir='ltr'><strong><em>ὀξεῖα</em></strong></span> <span class='ocrx_word' id='word_1_212' title='bbox 624 3819 768 3904; x_wconf 90' lang='lat' dir='ltr'>ineptum</span> <span class='ocrx_word' id='word_1_213' title='bbox 798 3837 867 3882; x_wconf 87' lang='lat' dir='ltr'>esse</span> <span class='ocrx_word' id='word_1_214' title='bbox 891 3819 1057 3904; x_wconf 87' lang='lat' dir='ltr'>epitheton</span> <span class='ocrx_word' id='word_1_215' title='bbox 1080 3826 1113 3883; x_wconf 88' lang='lat' dir='ltr'>et</span> <span class='ocrx_word' id='word_1_216' title='bbox 1133 3819 1204 3882; x_wconf 86' lang='lat' dir='ltr'>vitii</span> <span class='ocrx_word' id='word_1_217' title='bbox 1225 3837 1338 3903; x_wconf 83' lang='lat' dir='ltr'>suspe-</span> 
     </span>
     <span class='ocr_line' id='line_1_31' title="bbox 334 3927 1337 4016; baseline 0.002 -24"><span class='ocrx_word' id='word_1_218' title='bbox 334 3939 426 3997; x_wconf 88' lang='lat' dir='ltr'><strong>ctum.</strong></span> <span class='ocrx_word' id='word_1_219' title='bbox 481 3930 618 3997; x_wconf 82' lang='lat' dir='ltr'><strong>Prorsus</strong></span> <span class='ocrx_word' id='word_1_220' title='bbox 646 3938 750 3994; x_wconf 86' lang='lat' dir='ltr'>antem</span> <span class='ocrx_word' id='word_1_221' title='bbox 778 3928 950 3994; x_wconf 86' lang='lat' dir='ltr'>reiicienda</span> <span class='ocrx_word' id='word_1_222' title='bbox 980 3939 1029 3998; x_wconf 86' lang='lat' dir='ltr'>est</span> <span class='ocrx_word' id='word_1_223' title='bbox 1052 3930 1173 4016; x_wconf 89' lang='lat' dir='ltr'>Toupii</span> <span class='ocrx_word' id='word_1_224' title='bbox 1201 3927 1337 3994; x_wconf 89' lang='lat' dir='ltr'>Emend.</span> 
     </span>
    </p>
   </div>
   <div class='ocr_carea' id='block_1_5' title="bbox 334 4039 1338 4129">
    <p class='ocr_par' dir='ltr' id='par_1_8' title="bbox 334 4039 1338 4129">
     <span class='ocr_line' id='line_1_32' title="bbox 334 4039 1338 4129; baseline 0.004 -25"><span class='ocrx_word' id='word_1_225' title='bbox 334 4039 399 4105; x_wconf 85' lang='lat' dir='ltr'><strong>vol.</strong></span> <span class='ocrx_word' id='word_1_226' title='bbox 421 4039 446 4120; x_wconf 90' lang='grc' dir='ltr'>Ι,</span> <span class='ocrx_word' id='word_1_227' title='bbox 466 4065 497 4129; x_wconf 92' lang='lat' dir='ltr'>p.</span> <span class='ocrx_word' id='word_1_228' title='bbox 513 4043 579 4111; x_wconf 80' lang='lat'>213</span> <span class='ocrx_word' id='word_1_229' title='bbox 602 4044 793 4122; x_wconf 84' lang='lat' dir='ltr'>coniectura,</span> <span class='ocrx_word' id='word_1_230' title='bbox 816 4063 879 4129; x_wconf 87' lang='lat' dir='ltr'>qua</span> <span class='ocrx_word' id='word_1_231' title='bbox 900 4041 956 4110; x_wconf 88' lang='lat' dir='ltr'>ille</span> <span class='ocrx_word' id='word_1_232' title='bbox 977 4063 1066 4107; x_wconf 88' lang='lat' dir='ltr'>more</span> <span class='ocrx_word' id='word_1_233' title='bbox 1087 4062 1148 4108; x_wconf 87' lang='lat' dir='ltr'>suo</span> <span class='ocrx_word' id='word_1_234' title='bbox 1171 4039 1338 4108; x_wconf 83' lang='lat' dir='ltr'>confiden-</span> 
     </span>
    </p>
   </div>
   <div class='ocr_carea' id='block_1_6' title="bbox 0 0 1518 4826">
    <p class='ocr_par' dir='ltr' id='par_1_9' title="bbox 0 0 1518 4826">
     <span class='ocr_line' id='line_1_33' title="bbox 0 0 1518 4826; baseline 0 0"><span class='ocrx_word' id='word_1_235' title='bbox 0 0 1518 4826; x_wconf 95' lang='lat' dir='ltr'> </span> 
     </span>
    </p>
   </div>
  </div>
 </body>
</html>
