3026 4816
328 469 378 522 151
591 462 850 524 ADNOTATIO
873 463 1060 524 CRITICA.
1160 501 1164 508 ·

326 611 537 701 Συρακόσιος
558 607 609 698 ἦν.
654 618 685 682 13
714 619 813 706 igitur
836 619 1010 683 Theocrito
1041 618 1105 683 hoc
1134 640 1259 684 carmen
1282 643 1331 685 as-

326 731 445 817 signat,
480 730 569 793 33133
597 729 762 814 praecedit
799 732 1005 818 epigramma,
1040 729 1128 817 quod
1158 730 1252 796 nobis
1281 741 1331 797 est

326 843 477 925 quintum.
517 837 721 905 Artemidoro
745 845 948 929 grammatico
971 841 1119 906 tribuitur
1139 845 1174 906 in
1190 844 1328 908 Theocr.

327 950 402 1015 edit.
424 949 555 1031 Aldina,
579 949 666 1037 quod
688 963 839 1037 sequutus
864 962 912 1017 est
933 953 1123 1018 Brunchius.
1166 953 1253 1018 Vide
1273 956 1330 1018 Ja-

326 1061 414 1127 cobs.
437 1060 539 1126 Auim.
561 1065 591 1142 l,
614 1065 635 1128 2
658 1087 690 1149 p.
714 1064 788 1128 190.

412 1175 529 1239 XVIII.
575 1174 641 1239 Pal.
670 1176 730 1241 τοῦ
758 1171 861 1241 αὐτοῦ
896 1180 940 1252 εὶς
966 1175 1162 1262 τραπεζίτην
1187 1171 1328 1242 Κάϊκον.

324 1284 491 1350 Praecedit
511 1287 622 1373 Epigr.
644 1287 746 1350 XVII.
790 1286 955 1352 Leonidae
977 1289 1113 1353 fortasse
1135 1291 1252 1352 rectius
1275 1290 1329 1352 tri-

324 1396 395 1461 buit
416 1396 575 1462 Planudes
605 1397 655 1461 ed.
678 1397 788 1485 Steph.
815 1423 847 1487 p.
870 1402 922 1464 28.
967 1398 1054 1463 Vide
1082 1397 1228 1463 Jacobsii
1250 1399 1327 1464 Ani-

324 1507 427 1572 madv.
450 1507 516 1574 vol.
538 1508 567 1588 1,
590 1510 612 1574 2
633 1531 666 1595 p.
689 1512 763 1575 2⁰8.
809 1513 866 1575 Vs.
888 1513 910 1576 2
932 1510 999 1574 Pal.
1022 1507 1215 1597 ἀρχομένης.
1259 1510 1329 1575 Νο-

325 1642 397 1684 rnen
419 1614 548 1695 Κάϊκος
570 1619 667 1685 habes
690 1624 766 1686 item
787 1625 821 1687 in
843 1622 935 1687 titulo
959 1620 1045 1708 apud
1068 1621 1209 1686 Boeckh.
1232 1621 1270 1700 11,
1294 1645 1326 1709 p.

326 1733 390 1796 343
411 1753 442 1795 n.
457 1733 554 1812 3243,
576 1732 711 1797 fortasse
734 1736 826 1798 etam
848 1757 879 1819 p.
895 1735 960 1799 ara
983 1756 1013 1797 n.
1029 1735 1126 1799 3333.
1166 1715 1327 1799 33331.

325 1843 424 1907 Keilii
446 1843 538 1930 Spec.
562 1843 748 1910 Onornatol.
771 1867 875 1934 graec.
899 1869 931 1932 p.
954 1845 1007 1910 87.

411 1956 493 2020 XlX.
546 1956 636 2022 Exile
664 1979 789 2022 carmen
818 1968 851 2022 et
878 1957 1042 2021 Theocriti
1070 1955 1218 2022 ubertate
1246 1954 1328 2022 iudi-

162 2055 164 2058 ⁵
284 2077 285 2082 ’
324 2089 429 2156 gnum.
473 2067 527 2133 De
550 2067 672 2134 Glauca
693 2069 823 2135 tibicina
845 2092 876 2133 v.
899 2067 1059 2158 Berghius
1081 2067 1198 2134 Museo
1220 2069 1324 2134 Rhen.

324 2200 398 2244 nov.
422 2180 451 2259 Ι,
473 2181 495 2246 3
516 2203 547 2267 p.
570 2182 645 2246 360.

727 2293 924 2303 ..—

568 2417 869 2477 melanurus
891 2417 1078 2476 samm.

410 2540 434 2604 1.
467 2540 572 2632 ¹Vs.l
603 2538 783 2603 Brunckius
813 2530 891 2626 ὅρος
918 2530 1040 2603 ἅκτιον.
1089 2537 1219 2603 Editum
1248 2530 1326 2624 ὅρος

324 2644 458 2738 ἄκριτον
486 2650 528 2716 de
555 2649 716 2715 montibus
738 2648 840 2738 longo
863 2658 965 2715 tractu
992 2649 1256 2737 procurrentibus
1277 2652 1326 2715 in-

324 2773 518 2850 terpretatur
538 2761 720 2826 Jacobsius.
765 2761 846 2826 Mihi
874 2763 991 2826 montis
1013 2782 1131 2826 nomeu
1157 2761 1258 2827 latere
1280 2765 1327 2826 vi-

299 2876 425 2942 detur.
463 2876 558 2939 Vna
583 2873 654 2939 cod.
682 2868 867 2954 Φιλήτιδος.
910 2872 1090 2939 Brunckius
1113 2883 1146 2939 et
1166 2876 1236 2939 Jao
1263 2875 1326 2941 un.

324 2988 464 3067 λητίδος.
504 2987 601 3073 Atqui
627 2985 764 3067 Φιλητίς
785 2984 926 3051 mulieris
947 3007 1016 3051 non
1037 2987 1098 3051 viri
1120 3007 1239 3051 nomen
1262 2995 1325 3062 est;

324 3108 482 3164 ettamen
504 3097 568 3163 tale
590 3098 620 3162 h.
643 3098 664 3162 1.
687 3081 867 3183 requiritur.
919 3100 1031 3184 ltaque
1056 3096 1160 3163 malim
1184 3108 1238 3164 aut
1263 3099 1326 3164 un„

323 3211 457 3292 λητίὸου
485 3219 540 3275 aut
564 3209 768 3288 Φιλίστιδος,
798 3208 884 3295 quod
913 3231 931 3274 a
954 3210 1105 3298 φίλιστος
1132 3231 1199 3276 nou
1221 3212 1325 3275 minus

323 3332 409 3388 recte
431 3322 560 3387 formari
581 3323 686 3408 potuit
707 3343 801 3407 quam
817 3315 963 3410 Ἅριστις
985 3320 1024 3385 ab
1047 3315 1189 3409 ἄριστος.

410 3435 464 3499 111.
499 3435 547 3498 Ex
569 3432 682 3498 Athen.
698 3435 768 3512 XV,
789 3456 822 3520 p.
837 3435 902 3499 673
919 3432 947 3497 h.
980 3435 1076 3499 Vs.3
1097 3433 1198 3522 vulgo
1220 3435 1323 3514 κοίτη.

322 3548 406 3611 Ven.
428 3569 513 3627 αντη,
535 3543 622 3632 quod
644 3548 782 3610 correxit
802 3544 1002 3611 Dindorfius.
1046 3531 1135 3610 idem
1156 3539 1325 3631 χαμεννάς

323 3679 381 3744 pro
393 3653 552 3743 χαμεύνα.
575 3659 658 3723 Ven.
670 3657 829 3743 χαμεῦνα.
861 3659 920 3722 Vs.
935 3660 957 3723 6
974 3659 1137 3724 Μουσέων
1150 3678 1210 3745 pro
1228 3658 1325 3723 Μον-

323 3771 391 3835 σῶν
412 3769 601 3834 Brunclrius.

410 3882 467 3946 lv,
514 3880 653 3949 Carmen
680 3881 743 3946 hoc
770 3881 825 3945 alii
854 3879 924 3946 aliis
947 3879 1104 3954 tribuunt,
1130 3877 1324 3965 Asclepiadi,

324 3995 518 4074 Theaeteto,
539 3993 703 4080 Dionysio
726 3992 1010 4071 Halicarnassensi,
1032 3991 1196 4057 Nicerato.
1246 3990 1323 4055 Sine

323 4108 461 4172 auctoris
482 4108 612 4172 nomine
636 4115 684 4171 est
710 4105 795 4193 apud
819 4105 932 4172 Athen.
955 4106 997 4188 11,
1020 4127 1051 4191 p.
1073 4105 1119 4170 39
1140 4128 1167 4168 3.
1211 4103 1325 4166 Varie-
