3026 4816
433 454 696 514 annoanlo
719 455 906 527 Clil'l'lCA.
1140 462 1176 518 99

168 613 210 676 n's
240 632 259 674 a
282 607 426 674 scelestis
449 607 512 673 illis
534 610 596 675 sibi
618 611 767 676 instante.
817 610 910 676 Hanc
935 609 1010 675 illae
1032 612 1174 700 virgines

168 720 415 810 praevertebant
436 742 494 786 sua
515 741 551 787 se
572 743 669 788 manu
691 721 885 788 occidentes.

255 833 375 898 XVIII.
412 833 486 898 Hoe
509 855 635 899 carmen
659 832 783 922 elegiae
805 834 1017 922 fragmentum
1038 855 1110 901 esse
1129 839 1177 902 vi-

168 945 270 1011 detur.
324 945 364 1010 V.
387 943 587 1010 Schneidew.
611 945 731 1012 Simon.
760 968 792 1031 p.
815 947 869 1012 88.
913 947 971 1011 Vs.
995 948 1016 1011 4
1037 941 1176 1014 κυάνεον

166 1057 349 1123 Jacobsius.
396 1055 480 1123 Cod.
502 1052 648 1134 κυάνεος.

254 1168 337 1233 XXI.
376 1169 434 1232 Vs.
456 1169 490 1233 3w
507 1188 572 1253 quo
601 1169 655 1234 ἐπὶ
683 1166 885 1234 referendum
907 1170 949 1234 sit
971 1189 1039 1234 non
1060 1169 1176 1236 intelli-

166 1282 263 1368 gitur.
301 1279 410 1345 Possis
432 1272 518 1345 oillei
540 1273 739 1366 προπάντων
753 1281 805 1361 ¹⁵).
841 1279 952 1344 Malim
974 1291 1080 1346 tamen
1103 1277 1170 1347 ἀλλ’

168 1385 235 1458 ἀπὸ
257 1387 402 1457 πάντων.
954 1460 962 1480 .

127 1577 129 1580 ¹
255 1502 353 1567 XXII.
398 1502 548 1569 Servavit
575 1501 691 1568 Pollux
713 1503 754 1581 V,
783 1503 827 1568 48
859 1502 918 1567 ubi
945 1524 1041 1569 versu
1068 1507 1172 1591 primo

165 1623 253 1700 μαῖα
276 1613 390 1680 editur.
435 1612 587 1681 Correxit
607 1617 639 1678 J.
663 1613 704 1680 G.
727 1613 950 1680 Schneidems.

573 1786 774 1798 ...----

438 1928 617 1988 mortno
639 1927 903 1988 BYMM'IA·

249 2062 321 2126 Hoc
337 2059 427 2138 enim,
443 2080 512 2125 non
527 2053 642 2147 Mopsi,
657 2080 768 2124 verum
782 2061 927 2160 poetriae
942 2080 1060 2125 nomen
1076 2060 1173 2126 irrisae

169 2175 318 2238 evincunt
332 2170 398 2236 loci
412 2170 571 2258 Meleagri
587 2168 692 2235 Carm.
704 2170 728 2249 l,
743 2173 764 2236 5
781 2179 814 2234 et
831 2169 1035 2238 Christodori
1057 2172 1173 2258 Eephr.

169 2287 244 2350 410.
265 2284 381 2368 Neque
396 2281 488 2347 aliter
503 2286 537 2346 in
548 2283 653 2369 primo
671 2282 896 2370 epigrammate
912 2286 1008 2349 estin
1023 2282 1094 2349 cod.
1106 2283 1173 2348 Pal.

170 2399 224 2483 qui
253 2395 344 2460 alteri
372 2397 503 2460 eannIni
526 2393 721 2479 adscriptum
745 2393 841 2459 habet
863 2395 1010 2481 Μοροῦς.
1055 2396 1097 2459 V.
1119 2397 1175 2459 Ja-

169 2509 258 2574 cobs.
281 2506 322 2571 ad
346 2507 384 2570 A.
408 2506 442 2572 P.
467 2531 498 2593 p.
521 2507 577 2584 42,
606 2506 660 2593 qui
682 2515 825 2570 veterum
855 2505 896 2570 de
918 2507 1062 2593 Myrone
1090 2511 1175 2572 testi-

167 2621 275 2686 monia
298 2616 431 2706 collegit
452 2620 486 2682 in
509 2615 671 2706 Catalogo
686 2617 778 2682 Poet.
802 2617 897 2682 Anth.
920 2642 951 2705 p.
968 2619 1043 2682 920.
1081 2619 1175 2684 Prae-

169 2735 303 2798 termisit
326 2740 432 2795 tamen
456 2729 591 2794 Pausan.
613 2730 730 2793 Boeot.
754 2730 795 2806 V,
818 2730 839 2793 4
862 2721 969 2818 Mopsi
991 2728 1068 2818 (leg.
1084 2730 1175 2796 Μοι-

169 2837 236 2930 ρώ)
259 2844 293 2908 δὲ
314 2836 485 2922 ποιήσασα
507 2842 567 2921 ἔπη
588 2841 645 2906 καὶ
667 2841 791 2925 ἐλεγεῖα
809 2837 912 2932 Ἑρμῇ
935 2835 1051 2926 βωμόν
1071 2861 1175 2932 φησιν

168 2950 377 3042 ἱδρύσασθαι
389 2954 520 3039 πρῶτον
535 2939 708 3041 1Ἀμφίονα
724 2953 782 3018 καὶ
792 2953 846 3018 ἐπὶ
860 2947 966 3036 τούτῳ
980 2947 1084 3040 λύραν
1097 2951 1171 3042 παρ’

169 3062 273 3132 αὐτοῦ
300 3065 424 3148 λαβεῖν.
476 3062 528 3129 Ad
563 3085 645 3150 quae
673 3062 869 3129 conferenda
898 3063 978 3129 haec
1005 3064 1105 3130 Probi
1134 3064 1174 3131 ad

170 3177 303 3266 Virgilii
326 3175 394 3241 Eel.
417 3177 455 3255 11,
476 3178 533 3242 24:
555 3177 753 3263 Panyasis
777 3185 815 3240 et
837 3174 1066 3242 Alexander
1088 3178 1176 3258 (Am-

168 3290 296 3377 phioni)
318 3287 447 3375 lyram
470 3288 711 3354 aMereurio
734 3290 890 3354 muneri
913 3286 1042 3354 datam
1065 3287 1175 3370 dicit,

170 3400 277 3487 quod
311 3402 463 3486 primus
492 3399 689 3486 Cynaram
725 3400 974 3466 liberaverit.
1027 3401 1175 3486 Quorum

169 3523 331 3600 postrema
352 3515 396 3576 ita
412 3511 580 3578 serIbenda
603 3523 689 3578 sunt:
713 3510 819 3599 quod
841 3514 988 3600 primus
1012 3516 1048 3577 ei
1070 3535 1174 3577 aram

169 3623 431 3691 dedicaverit.

263 3737 303 3802 ll.
346 3737 447 3800 Vel
478 3732 632 3824 ποταμοῦ
663 3731 764 3825 κόρας
791 3735 1032 3824 Hamadryades
1066 3739 1176 3802 vocari

167 3905 368 3914 w—

152 4075 155 4082 Δ
239 4002 271 4072 *)
300 4001 445 4081 Euripides
462 4002 590 4060 Erechth.
609 4001 694 4072 XVIl,
710 4007 744 4062 18
761 4007 816 4066 ἰξὸν
834 4006 887 4078 πρὸ
906 4003 1010 4060 πάντων
1026 4007 1090 4076 μίαν
1109 4001 1175 4077 ὕπερ

167 4088 258 4144 δοῦναι
275 4097 378 4146 θανεῖν.
416 4088 495 4147 corr.
514 4091 680 4167 προπὰντων.
