<?xml version="1.0" encoding="UTF-8"?>
<!DOCTYPE html PUBLIC "-//W3C//DTD XHTML 1.0 Transitional//EN"
    "http://www.w3.org/TR/xhtml1/DTD/xhtml1-transitional.dtd">
<html xmlns="http://www.w3.org/1999/xhtml" xml:lang="en" lang="en">
 <head>
  <title>
</title>
<meta http-equiv="Content-Type" content="text/html;charset=utf-8" />
  <meta name='ocr-system' content='tesseract 3.04.00' />
  <meta name='ocr-capabilities' content='ocr_page ocr_carea ocr_par ocr_line ocrx_word'/>
</head>
<body>
  <div class='ocr_page' id='page_1' title='image "./delectuspoetaru00meingoog_0087.png"; bbox 0 0 3016 4808; ppageno 0'>
   <div class='ocr_carea' id='block_1_1' title="bbox 324 409 1054 490">
    <p class='ocr_par' dir='ltr' id='par_1_1' title="bbox 324 409 1054 490">
     <span class='ocr_line' id='line_1_1' title="bbox 324 409 1054 490; baseline -0.008 -1"><span class='ocrx_word' id='word_1_1' title='bbox 324 435 359 490; x_wconf 77' lang='grc' dir='ltr'><strong><em>τε</em></strong></span> <span class='ocrx_word' id='word_1_2' title='bbox 595 435 782 487; x_wconf 60' lang='lat' dir='ltr'><strong><em>mmor</em></strong></span> <span class='ocrx_word' id='word_1_3' title='bbox 799 409 1054 486; x_wconf 73' lang='grc' dir='ltr'><strong><em>κτεειιυιοτ</em></strong></span> 
     </span>
    </p>
   </div>
   <div class='ocr_carea' id='block_1_2' title="bbox 327 618 1194 816">
    <p class='ocr_par' dir='ltr' id='par_1_2' title="bbox 327 618 1194 816">
     <span class='ocr_line' id='line_1_2' title="bbox 796 618 851 684; baseline -0.018 0"><span class='ocrx_word' id='word_1_4' title='bbox 796 618 851 684; x_wconf 90' lang='grc' dir='ltr'><strong><em>ΠΙ.</em></strong></span> 
     </span>
     <span class='ocr_line' id='line_1_3' title="bbox 327 721 1194 816; baseline -0.001 -23"><span class='ocrx_word' id='word_1_5' title='bbox 327 721 409 804; x_wconf 85' lang='grc' dir='ltr'><strong><em>Ζεύς</em></strong></span> <span class='ocrx_word' id='word_1_6' title='bbox 430 730 543 809; x_wconf 90' lang='grc' dir='ltr'><strong><em>Πίσης</em></strong></span> <span class='ocrx_word' id='word_1_7' title='bbox 563 728 702 814; x_wconf 80' lang='grc' dir='ltr'><strong><em>μεδέων,</em></strong></span> <span class='ocrx_word' id='word_1_8' title='bbox 723 725 943 816; x_wconf 87' lang='grc' dir='ltr'><strong><em>Πειθήυορα,</em></strong></span> <span class='ocrx_word' id='word_1_9' title='bbox 966 721 1117 816; x_wconf 86' lang='grc' dir='ltr'><strong><em>δεύτερον</em></strong></span> <span class='ocrx_word' id='word_1_10' title='bbox 1138 724 1194 794; x_wconf 83' lang='grc' dir='ltr'><strong><em>υἷα</em></strong></span> 
     </span>
    </p>
   </div>
   <div class='ocr_carea' id='block_1_3' title="bbox 324 832 1216 1378">
    <p class='ocr_par' dir='ltr' id='par_1_3' title="bbox 324 832 1216 1263">
     <span class='ocr_line' id='line_1_4' title="bbox 367 832 1116 931; baseline -0.003 -27"><span class='ocrx_word' id='word_1_11' title='bbox 367 833 551 928; x_wconf 80' lang='grc' dir='ltr'><em>Κύπριδος,</em></span> <span class='ocrx_word' id='word_1_12' title='bbox 573 840 708 925; x_wconf 74' lang='grc' dir='ltr'><strong><em>αίπεινῷ</em></strong></span> <span class='ocrx_word' id='word_1_13' title='bbox 730 842 857 931; x_wconf 77' lang='grc' dir='ltr'><em>στέψον</em></span> <span class='ocrx_word' id='word_1_14' title='bbox 876 832 942 906; x_wconf 80' lang='grc' dir='ltr'><strong><em>ὑπὸ</em></strong></span> <span class='ocrx_word' id='word_1_15' title='bbox 964 838 1116 927; x_wconf 84' lang='grc' dir='ltr'><strong><em>Κρονίῳ·</em></strong></span> 
     </span>
     <span class='ocr_line' id='line_1_5' title="bbox 324 942 1214 1039; baseline 0 -23"><span class='ocrx_word' id='word_1_16' title='bbox 324 949 407 1038; x_wconf 76' lang='grc' dir='ltr'><strong><em>μηδὲ</em></strong></span> <span class='ocrx_word' id='word_1_17' title='bbox 428 974 487 1037; x_wconf 90' lang='grc' dir='ltr'><strong><em>μοι</em></strong></span> <span class='ocrx_word' id='word_1_18' title='bbox 508 946 660 1039; x_wconf 87' lang='grc' dir='ltr'><strong><em>οίυοχόον</em></strong></span> <span class='ocrx_word' id='word_1_19' title='bbox 680 951 819 1018; x_wconf 85' lang='grc' dir='ltr'><strong><em>κυλίκων</em></strong></span> <span class='ocrx_word' id='word_1_20' title='bbox 840 953 944 1018; x_wconf 82' lang='grc' dir='ltr'><strong><em>σέθεν</em></strong></span> <span class='ocrx_word' id='word_1_21' title='bbox 965 942 1073 1027; x_wconf 85' lang='grc' dir='ltr'><strong><em>αὶετδς</em></strong></span> <span class='ocrx_word' id='word_1_22' title='bbox 1094 945 1214 1038; x_wconf 83' lang='grc' dir='ltr'><strong><em>ἀρθείς</em></strong></span> 
     </span>
     <span class='ocr_line' id='line_1_6' title="bbox 367 1056 1163 1154; baseline -0.001 -27"><span class='ocrx_word' id='word_1_23' title='bbox 367 1056 522 1154; x_wconf 78' lang='grc' dir='ltr'><em>μάρψαις</em></span> <span class='ocrx_word' id='word_1_24' title='bbox 542 1059 618 1129; x_wconf 86' lang='grc' dir='ltr'><strong><em>ἀντὶ</em></strong></span> <span class='ocrx_word' id='word_1_25' title='bbox 638 1065 756 1145; x_wconf 82' lang='grc' dir='ltr'><strong><em>καλοῦ,</em></strong></span> <span class='ocrx_word' id='word_1_26' title='bbox 777 1065 924 1153; x_wconf 75' lang='grc' dir='ltr'><strong><em>κοίρανε,</em></strong></span> <span class='ocrx_word' id='word_1_27' title='bbox 945 1061 1163 1151; x_wconf 81' lang='grc' dir='ltr'><strong><em>Δαρδανίδων.</em></strong></span> 
     </span>
     <span class='ocr_line' id='line_1_7' title="bbox 327 1167 1216 1263; baseline -0.002 -22"><span class='ocrx_word' id='word_1_28' title='bbox 327 1179 354 1241; x_wconf 87' lang='grc' dir='ltr'><strong><em>εί</em></strong></span> <span class='ocrx_word' id='word_1_29' title='bbox 375 1175 411 1240; x_wconf 81' lang='grc' dir='ltr'><strong><em>δέ</em></strong></span> <span class='ocrx_word' id='word_1_30' title='bbox 432 1197 465 1239; x_wconf 93' lang='grc' dir='ltr'><strong><em>τι</em></strong></span> <span class='ocrx_word' id='word_1_31' title='bbox 487 1170 659 1242; x_wconf 79' lang='grc' dir='ltr'><strong><em>Μουσάων</em></strong></span> <span class='ocrx_word' id='word_1_32' title='bbox 680 1199 732 1242; x_wconf 93' lang='grc' dir='ltr'><strong><em>τοι</em></strong></span> <span class='ocrx_word' id='word_1_33' title='bbox 753 1169 815 1260; x_wconf 77' lang='grc' dir='ltr'><strong><em>ἐγὼ</em></strong></span> <span class='ocrx_word' id='word_1_34' title='bbox 838 1175 938 1263; x_wconf 94' lang='grc' dir='ltr'><strong><em>φίλον</em></strong></span> <span class='ocrx_word' id='word_1_35' title='bbox 959 1167 1080 1239; x_wconf 83' lang='grc' dir='ltr'><strong><em>ύπασα</em></strong></span> <span class='ocrx_word' id='word_1_36' title='bbox 1101 1171 1216 1259; x_wconf 78' lang='grc' dir='ltr'><strong><em>δῶρον,</em></strong></span> 
     </span>
    </p>

    <p class='ocr_par' dir='ltr' id='par_1_4' title="bbox 367 1280 1105 1378">
     <span class='ocr_line' id='line_1_8' title="bbox 367 1280 1105 1378; baseline -0.003 -26"><span class='ocrx_word' id='word_1_37' title='bbox 367 1280 499 1364; x_wconf 80' lang='grc' dir='ltr'><strong><em>νεύσαις</em></strong></span> <span class='ocrx_word' id='word_1_38' title='bbox 519 1309 579 1371; x_wconf 92' lang='grc' dir='ltr'><strong><em>μοι</em></strong></span> <span class='ocrx_word' id='word_1_39' title='bbox 598 1289 699 1355; x_wconf 89' lang='grc' dir='ltr'><strong><em>θείου</em></strong></span> <span class='ocrx_word' id='word_1_40' title='bbox 718 1280 839 1365; x_wconf 85' lang='grc' dir='ltr'><strong><em>παιδὸς</em></strong></span> <span class='ocrx_word' id='word_1_41' title='bbox 859 1281 1105 1378; x_wconf 77' lang='grc' dir='ltr'><strong><em>ὁμοφροσύνην.</em></strong></span> 
     </span>
    </p>
   </div>
   <div class='ocr_carea' id='block_1_4' title="bbox 325 1420 1303 3770">
    <p class='ocr_par' dir='ltr' id='par_1_5' title="bbox 325 1420 1303 3770">
     <span class='ocr_line' id='line_1_9' title="bbox 795 1420 853 1485; baseline -0.017 0"><span class='ocrx_word' id='word_1_42' title='bbox 795 1420 853 1485; x_wconf 86' lang='lat' dir='ltr'><strong><em>IV.</em></strong></span> 
     </span>
     <span class='ocr_line' id='line_1_10' title="bbox 325 1521 1286 1619; baseline -0.003 -23"><span class='ocrx_word' id='word_1_43' title='bbox 325 1528 493 1617; x_wconf 82' lang='grc' dir='ltr'><strong><em>Ἕγθαίρω</em></strong></span> <span class='ocrx_word' id='word_1_44' title='bbox 515 1522 575 1594; x_wconf 85' lang='grc' dir='ltr'><strong><em>τύν</em></strong></span> <span class='ocrx_word' id='word_1_45' title='bbox 589 1521 728 1619; x_wconf 81' lang='grc' dir='ltr'><strong><em>Ἔρωτα.</em></strong></span> <span class='ocrx_word' id='word_1_46' title='bbox 751 1533 784 1597; x_wconf 93' lang='grc' dir='ltr'><strong><em>τί</em></strong></span> <span class='ocrx_word' id='word_1_47' title='bbox 804 1526 869 1619; x_wconf 83' lang='grc' dir='ltr'><strong><em>γάρ</em></strong></span> <span class='ocrx_word' id='word_1_48' title='bbox 890 1522 997 1618; x_wconf 81' lang='grc' dir='ltr'><strong><em>βαρύς</em></strong></span> <span class='ocrx_word' id='word_1_49' title='bbox 1018 1523 1077 1596; x_wconf 82' lang='grc' dir='ltr'><strong><em>οὐκ</em></strong></span> <span class='ocrx_word' id='word_1_50' title='bbox 1098 1527 1150 1594; x_wconf 80' lang='grc' dir='ltr'><strong><em>ἐπὶ</em></strong></span> <span class='ocrx_word' id='word_1_51' title='bbox 1172 1528 1286 1617; x_wconf 80' lang='grc' dir='ltr'><strong><em>θήρας</em></strong></span> 
     </span>
     <span class='ocr_line' id='line_1_11' title="bbox 372 1634 1111 1730; baseline -0.001 -24"><span class='ocrx_word' id='word_1_52' title='bbox 372 1634 522 1729; x_wconf 86' lang='grc' dir='ltr'><strong><em>ύρνυται,</em></strong></span> <span class='ocrx_word' id='word_1_53' title='bbox 543 1637 611 1707; x_wconf 79' lang='grc' dir='ltr'><strong><em>ἀλλ’</em></strong></span> <span class='ocrx_word' id='word_1_54' title='bbox 637 1639 681 1708; x_wconf 78' lang='grc' dir='ltr'><strong><em>ἐπ’</em></strong></span> <span class='ocrx_word' id='word_1_55' title='bbox 707 1636 789 1730; x_wconf 74' lang='grc' dir='ltr'><strong><em>ἐμήν</em></strong></span> <span class='ocrx_word' id='word_1_56' title='bbox 810 1642 936 1727; x_wconf 81' lang='grc' dir='ltr'><strong><em>ίοβολεῖ</em></strong></span> <span class='ocrx_word' id='word_1_57' title='bbox 956 1640 1111 1730; x_wconf 72' lang='grc' dir='ltr'><strong><em>κραδίηνς</em></strong></span> 
     </span>
     <span class='ocr_line' id='line_1_12' title="bbox 327 1743 1303 1845; baseline -0.003 -26"><span class='ocrx_word' id='word_1_58' title='bbox 327 1755 361 1820; x_wconf 93' lang='grc' dir='ltr'><strong><em>τί</em></strong></span> <span class='ocrx_word' id='word_1_59' title='bbox 381 1754 483 1818; x_wconf 79' lang='grc' dir='ltr'><strong><em>πλέον</em></strong></span> <span class='ocrx_word' id='word_1_60' title='bbox 504 1756 532 1817; x_wconf 83' lang='grc' dir='ltr'><strong><em>ελ</em></strong></span> <span class='ocrx_word' id='word_1_61' title='bbox 552 1745 637 1831; x_wconf 85' lang='grc' dir='ltr'><strong><em>θεὸς</em></strong></span> <span class='ocrx_word' id='word_1_62' title='bbox 658 1746 765 1843; x_wconf 80' lang='grc' dir='ltr'><strong><em>ἄνδρα</em></strong></span> <span class='ocrx_word' id='word_1_63' title='bbox 786 1753 1001 1845; x_wconf 71' lang='grc' dir='ltr'><strong><em>καταφλέγεις</em></strong></span> <span class='ocrx_word' id='word_1_64' title='bbox 1024 1745 1047 1833; x_wconf 80' lang='grc' dir='ltr'><strong><em>ἢ</em></strong></span> <span class='ocrx_word' id='word_1_65' title='bbox 1068 1752 1102 1817; x_wconf 94' lang='grc' dir='ltr'><strong><em>τί</em></strong></span> <span class='ocrx_word' id='word_1_66' title='bbox 1122 1743 1161 1817; x_wconf 83' lang='grc' dir='ltr'><strong><em>τύ</em></strong></span> <span class='ocrx_word' id='word_1_67' title='bbox 1183 1746 1303 1838; x_wconf 87' lang='grc' dir='ltr'><strong><em>σεμνόν</em></strong></span> 
     </span>
     <span class='ocr_line' id='line_1_13' title="bbox 373 1855 1085 1956; baseline -0.001 -27"><span class='ocrx_word' id='word_1_68' title='bbox 373 1859 501 1956; x_wconf 78' lang='grc' dir='ltr'><strong><em>δηιύσας</em></strong></span> <span class='ocrx_word' id='word_1_69' title='bbox 522 1861 575 1930; x_wconf 81' lang='grc' dir='ltr'><strong><em>ἀπ’</em></strong></span> <span class='ocrx_word' id='word_1_70' title='bbox 601 1865 682 1954; x_wconf 80' lang='grc' dir='ltr'><strong><em>ἐμῆς</em></strong></span> <span class='ocrx_word' id='word_1_71' title='bbox 703 1855 817 1933; x_wconf 85' lang='grc' dir='ltr'><strong><em>ἆθλον</em></strong></span> <span class='ocrx_word' id='word_1_72' title='bbox 838 1867 902 1953; x_wconf 86' lang='grc' dir='ltr'><strong><em>ίχει</em></strong></span> <span class='ocrx_word' id='word_1_73' title='bbox 921 1864 1085 1956; x_wconf 74' lang='grc' dir='ltr'><strong><em>κεφαλήςς</em></strong></span> 
     </span>
     <span class='ocr_line' id='line_1_14' title="bbox 803 2000 848 2064; baseline 0.044 -2"><span class='ocrx_word' id='word_1_74' title='bbox 803 2000 848 2064; x_wconf 82' lang='lat' dir='ltr'><strong><em>V.</em></strong></span> 
     </span>
     <span class='ocr_line' id='line_1_15' title="bbox 329 2101 1259 2199; baseline 0 -25"><span class='ocrx_word' id='word_1_75' title='bbox 329 2103 527 2199; x_wconf 88' lang='grc' dir='ltr'><strong><em>Σύμφωνον</em></strong></span> <span class='ocrx_word' id='word_1_76' title='bbox 546 2109 726 2194; x_wconf 82' lang='grc' dir='ltr'><strong><em>μαλακοῖσι</em></strong></span> <span class='ocrx_word' id='word_1_77' title='bbox 746 2103 990 2198; x_wconf 77' lang='grc' dir='ltr'><strong><em>κερασσάμενος</em></strong></span> <span class='ocrx_word' id='word_1_78' title='bbox 1010 2101 1124 2196; x_wconf 85' lang='grc' dir='ltr'><strong><em>θρύον</em></strong></span> <span class='ocrx_word' id='word_1_79' title='bbox 1145 2104 1259 2186; x_wconf 86' lang='grc' dir='ltr'><strong><em>αὐλοῖς</em></strong></span> 
     </span>
     <span class='ocr_line' id='line_1_16' title="bbox 371 2213 1058 2310; baseline -0.004 -23"><span class='ocrx_word' id='word_1_80' title='bbox 371 2213 551 2307; x_wconf 84' lang='grc' dir='ltr'><strong><em>Δωρόθεος</em></strong></span> <span class='ocrx_word' id='word_1_81' title='bbox 571 2213 707 2306; x_wconf 81' lang='grc' dir='ltr'><strong><em>γοεροίς</em></strong></span> <span class='ocrx_word' id='word_1_82' title='bbox 730 2223 819 2288; x_wconf 86' lang='grc' dir='ltr'><strong><em>ίπνεε</em></strong></span> <span class='ocrx_word' id='word_1_83' title='bbox 840 2219 1058 2310; x_wconf 80' lang='grc' dir='ltr'><strong><em>Δαρδανίδας,</em></strong></span> 
     </span>
     <span class='ocr_line' id='line_1_17' title="bbox 329 2327 1186 2422; baseline -0.002 -23"><span class='ocrx_word' id='word_1_84' title='bbox 329 2332 387 2399; x_wconf 85' lang='grc' dir='ltr'><strong><em>καὶ</em></strong></span> <span class='ocrx_word' id='word_1_85' title='bbox 407 2329 564 2417; x_wconf 82' lang='grc' dir='ltr'><strong><em>Σεμέλας</em></strong></span> <span class='ocrx_word' id='word_1_86' title='bbox 585 2327 687 2397; x_wconf 83' lang='grc' dir='ltr'><strong><em>ὠδῖνα</em></strong></span> <span class='ocrx_word' id='word_1_87' title='bbox 708 2328 892 2422; x_wconf 85' lang='grc' dir='ltr'><strong><em>κεραύνιον,</em></strong></span> <span class='ocrx_word' id='word_1_88' title='bbox 915 2332 1005 2398; x_wconf 81' lang='grc' dir='ltr'><strong><em>ίπνεε</em></strong></span> <span class='ocrx_word' id='word_1_89' title='bbox 1027 2327 1057 2396; x_wconf 83' lang='grc' dir='ltr'><strong><em>δ’</em></strong></span> <span class='ocrx_word' id='word_1_90' title='bbox 1084 2332 1186 2397; x_wconf 87' lang='grc' dir='ltr'><strong><em>ίππου</em></strong></span> 
     </span>
     <span class='ocr_line' id='line_1_18' title="bbox 375 2438 1076 2531; baseline -0.003 -21"><span class='ocrx_word' id='word_1_91' title='bbox 375 2438 522 2531; x_wconf 73' lang='grc' dir='ltr'><strong><em>ἔργματ’,</em></strong></span> <span class='ocrx_word' id='word_1_92' title='bbox 543 2438 684 2522; x_wconf 78' lang='grc' dir='ltr'><strong><em>ἀειζώου</em></strong></span> <span class='ocrx_word' id='word_1_93' title='bbox 705 2439 881 2531; x_wconf 82' lang='grc' dir='ltr'><strong><em>ἁψάμενος</em></strong></span> <span class='ocrx_word' id='word_1_94' title='bbox 903 2443 1076 2531; x_wconf 89' lang='grc' dir='ltr'><strong><em>Χαρίτων·</em></strong></span> 
     </span>
     <span class='ocr_line' id='line_1_19' title="bbox 331 2547 1128 2646; baseline -0.005 -25"><span class='ocrx_word' id='word_1_95' title='bbox 331 2555 455 2641; x_wconf 82' lang='grc' dir='ltr'><strong><em>μοῦνος</em></strong></span> <span class='ocrx_word' id='word_1_96' title='bbox 476 2550 506 2620; x_wconf 81' lang='grc' dir='ltr'><strong><em>δ’</em></strong></span> <span class='ocrx_word' id='word_1_97' title='bbox 533 2557 581 2620; x_wconf 87' lang='grc' dir='ltr'><strong><em>είν</em></strong></span> <span class='ocrx_word' id='word_1_98' title='bbox 601 2557 718 2641; x_wconf 83' lang='grc' dir='ltr'><strong><em>ἱεροῖσι</em></strong></span> <span class='ocrx_word' id='word_1_99' title='bbox 739 2549 917 2622; x_wconf 82' lang='grc' dir='ltr'><strong><em>Διωνύσοιο</em></strong></span> <span class='ocrx_word' id='word_1_100' title='bbox 938 2547 1128 2646; x_wconf 81' lang='grc' dir='ltr'><strong><em>προφήταις</em></strong></span> 
     </span>
     <span class='ocr_line' id='line_1_20' title="bbox 376 2659 1045 2758; baseline -0.001 -28"><span class='ocrx_word' id='word_1_101' title='bbox 376 2660 508 2750; x_wconf 83' lang='grc' dir='ltr'><strong><em>Μώμου</em></strong></span> <span class='ocrx_word' id='word_1_102' title='bbox 530 2659 700 2757; x_wconf 82' lang='grc' dir='ltr'><strong><em>λαιφηράς</em></strong></span> <span class='ocrx_word' id='word_1_103' title='bbox 721 2664 855 2758; x_wconf 75' lang='grc' dir='ltr'><strong><em>ἐξέφυγε</em></strong></span> <span class='ocrx_word' id='word_1_104' title='bbox 875 2668 1045 2751; x_wconf 80' lang='grc' dir='ltr'><strong><em>πτέρυγας,</em></strong></span> 
     </span>
     <span class='ocr_line' id='line_1_21' title="bbox 337 2772 1133 2861; baseline 0.003 -20"><span class='ocrx_word' id='word_1_105' title='bbox 337 2774 486 2859; x_wconf 81' lang='grc' dir='ltr'><strong><em>θηβαῖος</em></strong></span> <span class='ocrx_word' id='word_1_106' title='bbox 507 2772 636 2861; x_wconf 86' lang='grc' dir='ltr'><strong><em>γενεήν,</em></strong></span> <span class='ocrx_word' id='word_1_107' title='bbox 656 2776 862 2855; x_wconf 83' lang='grc' dir='ltr'><strong><em>Σωσικλίος·</em></strong></span> <span class='ocrx_word' id='word_1_108' title='bbox 884 2782 920 2844; x_wconf 81' lang='grc' dir='ltr'><strong><em>ὲν</em></strong></span> <span class='ocrx_word' id='word_1_109' title='bbox 942 2777 976 2843; x_wconf 79' lang='grc' dir='ltr'><strong><em>δὲ</em></strong></span> <span class='ocrx_word' id='word_1_110' title='bbox 998 2776 1133 2844; x_wconf 90' lang='grc' dir='ltr'><strong><em>Λυαίου</em></strong></span> 
     </span>
     <span class='ocr_line' id='line_1_22' title="bbox 375 2882 1085 2978; baseline -0.001 -25"><span class='ocrx_word' id='word_1_111' title='bbox 375 2888 445 2972; x_wconf 76' lang='grc' dir='ltr'><strong><em>νηῷ</em></strong></span> <span class='ocrx_word' id='word_1_112' title='bbox 467 2882 655 2978; x_wconf 72' lang='grc' dir='ltr'><strong><em>φόρμιγγας</em></strong></span> <span class='ocrx_word' id='word_1_113' title='bbox 676 2883 809 2970; x_wconf 88' lang='grc' dir='ltr'><strong><em>θήκατο</em></strong></span> <span class='ocrx_word' id='word_1_114' title='bbox 830 2893 889 2956; x_wconf 84' lang='grc' dir='ltr'><strong><em>καὶ</em></strong></span> <span class='ocrx_word' id='word_1_115' title='bbox 909 2883 1085 2974; x_wconf 87' lang='grc' dir='ltr'><strong><em>καλάμους.</em></strong></span> 
     </span>
     <span class='ocr_line' id='line_1_23' title="bbox 803 3023 862 3088; baseline -0.034 0"><span class='ocrx_word' id='word_1_116' title='bbox 803 3023 862 3088; x_wconf 82' lang='lat' dir='ltr'><strong><em>Vl.</em></strong></span> 
     </span>
     <span class='ocr_line' id='line_1_24' title="bbox 338 3125 1153 3220; baseline 0.001 -25"><span class='ocrx_word' id='word_1_117' title='bbox 338 3126 415 3196; x_wconf 84' lang='grc' dir='ltr'><strong><em>Οὐδ’</em></strong></span> <span class='ocrx_word' id='word_1_118' title='bbox 441 3127 471 3195; x_wconf 89' lang='grc' dir='ltr'><strong><em>εί</em></strong></span> <span class='ocrx_word' id='word_1_119' title='bbox 489 3151 530 3216; x_wconf 89' lang='grc' dir='ltr'><strong><em>με</em></strong></span> <span class='ocrx_word' id='word_1_120' title='bbox 549 3125 701 3217; x_wconf 84' lang='grc' dir='ltr'><strong><em>χρύσειον</em></strong></span> <span class='ocrx_word' id='word_1_121' title='bbox 723 3128 790 3198; x_wconf 85' lang='grc' dir='ltr'><strong><em>ἀπὸ</em></strong></span> <span class='ocrx_word' id='word_1_122' title='bbox 813 3132 991 3220; x_wconf 83' lang='grc' dir='ltr'><strong><em>ῥαιστῆρος</em></strong></span> <span class='ocrx_word' id='word_1_123' title='bbox 1005 3125 1153 3220; x_wconf 78' lang='grc' dir='ltr'><strong><em>’Όμηρον</em></strong></span> 
     </span>
     <span class='ocr_line' id='line_1_25' title="bbox 378 3236 1081 3333; baseline 0.006 -28"><span class='ocrx_word' id='word_1_124' title='bbox 378 3236 518 3322; x_wconf 86' lang='grc' dir='ltr'><strong><em>στήσητε</em></strong></span> <span class='ocrx_word' id='word_1_125' title='bbox 541 3243 698 3333; x_wconf 85' lang='grc' dir='ltr'><strong><em>φλογίαις</em></strong></span> <span class='ocrx_word' id='word_1_126' title='bbox 719 3248 754 3312; x_wconf 76' lang='grc' dir='ltr'><strong><em>ἐν</em></strong></span> <span class='ocrx_word' id='word_1_127' title='bbox 776 3237 852 3322; x_wconf 83' lang='grc' dir='ltr'><strong><em>Διὸς</em></strong></span> <span class='ocrx_word' id='word_1_128' title='bbox 873 3241 1081 3331; x_wconf 84' lang='grc' dir='ltr'><strong><em>άστεροπαῖς,</em></strong></span> 
     </span>
     <span class='ocr_line' id='line_1_26' title="bbox 334 3349 1279 3440; baseline 0 -20"><span class='ocrx_word' id='word_1_129' title='bbox 334 3350 394 3420; x_wconf 83' lang='grc' dir='ltr'><strong><em>οὐκ</em></strong></span> <span class='ocrx_word' id='word_1_130' title='bbox 416 3349 474 3439; x_wconf 80' lang='grc' dir='ltr'><strong><em>είμ’</em></strong></span> <span class='ocrx_word' id='word_1_131' title='bbox 501 3349 571 3419; x_wconf 81' lang='grc' dir='ltr'><strong><em>οὐδ’</em></strong></span> <span class='ocrx_word' id='word_1_132' title='bbox 597 3355 715 3440; x_wconf 84' lang='grc' dir='ltr'><strong><em>ίσομαι</em></strong></span> <span class='ocrx_word' id='word_1_133' title='bbox 734 3354 962 3440; x_wconf 88' lang='grc' dir='ltr'><strong><em>Σαλαμίνιος,</em></strong></span> <span class='ocrx_word' id='word_1_134' title='bbox 987 3350 1056 3421; x_wconf 83' lang='grc' dir='ltr'><strong><em>οὐδ’</em></strong></span> <span class='ocrx_word' id='word_1_135' title='bbox 1083 3350 1102 3418; x_wconf 89' lang='grc' dir='ltr'><em>ὁ</em></span> <span class='ocrx_word' id='word_1_136' title='bbox 1126 3353 1279 3433; x_wconf 85' lang='grc' dir='ltr'><strong><em>Μέλητος</em></strong></span> 
     </span>
     <span class='ocr_line' id='line_1_27' title="bbox 378 3458 1178 3554; baseline -0.003 -22"><span class='ocrx_word' id='word_1_137' title='bbox 378 3459 593 3553; x_wconf 83' lang='grc' dir='ltr'><strong><em>Δημαγόρου·</em></strong></span> <span class='ocrx_word' id='word_1_138' title='bbox 614 3460 661 3552; x_wconf 83' lang='grc' dir='ltr'><strong><em>μή</em></strong></span> <span class='ocrx_word' id='word_1_139' title='bbox 682 3464 774 3533; x_wconf 84' lang='grc' dir='ltr'><strong><em>ταῦτ’</em></strong></span> <span class='ocrx_word' id='word_1_140' title='bbox 803 3460 949 3554; x_wconf 80' lang='grc' dir='ltr'><strong><em>ὄμμασιν</em></strong></span> <span class='ocrx_word' id='word_1_141' title='bbox 965 3458 1083 3542; x_wconf 81' lang='grc' dir='ltr'><strong><em>Ἑλλάς</em></strong></span> <span class='ocrx_word' id='word_1_142' title='bbox 1104 3461 1178 3530; x_wconf 86' lang='grc' dir='ltr'><strong><em>ίδοι.</em></strong></span> 
     </span>
     <span class='ocr_line' id='line_1_28' title="bbox 335 3569 1174 3663; baseline 0 -22"><span class='ocrx_word' id='word_1_143' title='bbox 335 3569 439 3642; x_wconf 86' lang='grc' dir='ltr'><strong><em>ύίλλον</em></strong></span> <span class='ocrx_word' id='word_1_144' title='bbox 459 3569 600 3657; x_wconf 82' lang='grc' dir='ltr'><strong><em>ποιητήν</em></strong></span> <span class='ocrx_word' id='word_1_145' title='bbox 621 3578 830 3662; x_wconf 82' lang='grc' dir='ltr'><strong><em>βασανίζετε·</em></strong></span> <span class='ocrx_word' id='word_1_146' title='bbox 851 3570 944 3663; x_wconf 78' lang='grc' dir='ltr'><strong><em>τίιμδι</em></strong></span> <span class='ocrx_word' id='word_1_147' title='bbox 964 3578 1013 3656; x_wconf 82' lang='grc' dir='ltr'><strong><em>δὲ,</em></strong></span> <span class='ocrx_word' id='word_1_148' title='bbox 1037 3575 1174 3642; x_wconf 83' lang='grc' dir='ltr'><strong><em>Μοῦσαι</em></strong></span> 
     </span>
     <span class='ocr_line' id='line_1_29' title="bbox 378 3683 1113 3770; baseline 0.001 -17"><span class='ocrx_word' id='word_1_149' title='bbox 378 3689 435 3754; x_wconf 84' lang='grc' dir='ltr'><strong><em>καὶ</em></strong></span> <span class='ocrx_word' id='word_1_150' title='bbox 458 3689 559 3767; x_wconf 86' lang='grc' dir='ltr'><strong><em>Χίος,</em></strong></span> <span class='ocrx_word' id='word_1_151' title='bbox 576 3683 740 3770; x_wconf 85' lang='grc' dir='ltr'><strong><em>Ἑλλήνων</em></strong></span> <span class='ocrx_word' id='word_1_152' title='bbox 761 3691 877 3755; x_wconf 87' lang='grc' dir='ltr'><strong><em>παισὶν</em></strong></span> <span class='ocrx_word' id='word_1_153' title='bbox 898 3685 1017 3755; x_wconf 83' lang='grc' dir='ltr'><strong><em>ιἰείσετ’</em></strong></span> <span class='ocrx_word' id='word_1_154' title='bbox 1044 3689 1113 3768; x_wconf 81' lang='grc' dir='ltr'><strong><em>ίπη.</em></strong></span> 
     </span>
    </p>
   </div>
   <div class='ocr_carea' id='block_1_5' title="bbox 405 3885 1335 3966">
    <p class='ocr_par' dir='ltr' id='par_1_6' title="bbox 405 3885 1335 3966">
     <span class='ocr_line' id='line_1_30' title="bbox 405 3885 1335 3966; baseline -0.003 -21"><span class='ocrx_word' id='word_1_155' title='bbox 405 3887 1097 3966; x_wconf 59' lang='grc' dir='ltr'><strong><em>ωωωαωυαιαι</em></strong></span> <span class='ocrx_word' id='word_1_156' title='bbox 1063 3885 1335 3957; x_wconf 67' lang='lat' dir='ltr'><strong><em>wfflvw</em></strong></span> 
     </span>
    </p>
   </div>
   <div class='ocr_carea' id='block_1_6' title="bbox 302 3949 1336 4121">
    <p class='ocr_par' dir='ltr' id='par_1_7' title="bbox 302 3949 1336 4121">
     <span class='ocr_line' id='line_1_31' title="bbox 302 3949 1336 4120; baseline 0 -88"><span class='ocrx_word' id='word_1_157' title='bbox 302 3949 879 4120; x_wconf 61' lang='grc' dir='ltr'><strong><em>ΡΡΙρμέΡιθφρμιγγ</em></strong></span> <span class='ocrx_word' id='word_1_158' title='bbox 846 3973 1336 4047; x_wconf 38' lang='lat' dir='ltr'><strong><em>Vllſtralvlmvswov}</em></strong></span> 
     </span>
     <span class='ocr_line' id='line_1_32' title="bbox 426 4081 652 4121; baseline 0.01 -2"><span class='ocrx_word' id='word_1_159' title='bbox 426 4081 520 4119; x_wconf 83' lang='grc' dir='ltr'><strong><em>-ε</em></strong></span> <span class='ocrx_word' id='word_1_160' title='bbox 576 4085 652 4121; x_wconf 84' lang='grc' dir='ltr'><strong><em>παιυσ</em></strong></span> 
     </span>
    </p>
   </div>
   <div class='ocr_carea' id='block_1_7' title="bbox 0 0 1533 4808">
    <p class='ocr_par' dir='ltr' id='par_1_8' title="bbox 0 0 1533 4808">
     <span class='ocr_line' id='line_1_33' title="bbox 0 0 1533 4808; baseline 0 0"><span class='ocrx_word' id='word_1_161' title='bbox 0 0 1533 4808; x_wconf 95' lang='lat' dir='ltr'><strong><em> </em></strong></span> 
     </span>
    </p>
   </div>
  </div>
 </body>
</html>
