3028 4826
358 430 413 486 21⁰
698 422 1016 484 clonlnc'rnriltn

360 575 465 660 ίότητι
485 587 649 665 receptum
671 585 728 643 est
766 577 811 643 At
832 577 903 644 eod.
917 576 985 643 Pal.
1007 575 1106 643 habet
1119 578 1368 663 Λοκομηδιίου,

361 689 448 778 quod
469 710 547 755 vero
575 691 752 776 proximum
773 700 835 766 est3
865 688 1067 755 scribendum
1096 691 1179 753 enim
1199 690 1367 776 Λοκομη-

361 802 483 882 διίδοο,
510 795 607 866 'cuius
634 803 773 866 nominis
799 803 981 867 memoriam
1012 804 1151 865 servavit
1179 802 1366 866 Priscianus

361 914 406 994 ll,
429 916 464 992 7,
486 915 527 980 37
559 923 703 978 eontra
724 911 904 1001 regulam
926 910 1159 1001 producunt
1180 910 1367 997 penulti-

361 1047 439 1090 mas
468 1023 636 1090 vocales
660 1023 870 1103 Aeolides,
902 1022 1115 1103 Demades,
1143 1021 1366 1100 Codrides‚

361 1133 660 1224 Lycoorgides,
681 1135 871 1224 Lagides,
896 1135 1135 1217 Belides*);
1163 1133 1366 1199 Euerides

363 1252 478 1313 etiam
509 1258 546 1313 et
566 1246 861 1334 Lycomedides
884 1247 987 1335 apud
1009 1247 1191 1314 Graecos
1217 1256 1365 1311 contra

362 1359 540 1448 regulam
568 1358 828 1445 penultimam
857 1358 1158 1448 diphthongum.
1213 1359 1266 1423 De
1295 1381 1365 1444 quo

362 1472 436 1537 loeo
459 1471 608 1536 dissensit
629 1470 810 1536 Lobeekius
832 1470 935 1536 Paral.
959 1495 991 1557 p.
1016 1475 1045 1538 7.
1096 1471 1150 1536 Sic
1171 1472 1269 1559 igitur
1290 1469 1366 1534 ulti-

361 1606 444 1649 mum
467 1584 613 1647 carminis
636 1581 794 1647 distichon
815 1581 1037 1671 refingendum
1058 1580 1199 1647 videtur:

401 1689 546 1782 Ἅρτεμι,
568 1696 609 1784 σῇ
631 1691 661 1759 δ’
679 1689 786 1774 ὶότητι
806 1690 913 1779 γάμος
934 1690 973 1758 θ’
992 1689 1063 1778 ἅμα
1084 1696 1140 1760 καὶ
1161 1696 1255 1776 γένος
1277 1691 1328 1773 είη

449 1807 488 1896 τῇ
509 1805 761 1890 Λοκομηδείδου
781 1806 875 1871 παιδὶ
896 1800 1150 1897 λιπαστραγιίλῃ.

550 2098 753 2150 mannans
770 2097 931 2150 amonius
948 2098 1006 2148 en.
1019 2097 1086 2164 vn,
1103 2094 1165 2148 mu

411 2204 484 2277 Τδι·
503 2214 564 2296 μὲν
585 2208 637 2278 ἀεὶ
658 2205 865 2296 πολύμυθον,
887 2206 938 2276 ἀεὶ
959 2206 1070 2290 λάλον,
1093 2201 1118 2275 ὦ
1141 2209 1219 2290 ξένε,
1239 2212 1342 2277 κίσσα

450 2318 565 2413 φύσει·
587 2317 650 2389 τάν
672 2323 707 2388 δὲ
727 2322 840 2407 μέθας
860 2316 1046 2413 σύντροφον
1068 2317 1127 2388 δίδο
1148 2318 1247 2402 κύλιξ·

407 2428 470 2501 τᾶν
483 2436 648 2520 Κρῆσσαν
664 2435 698 2500 δὲ
713 2426 756 2499 τύ
768 2427 866 2514 τόξα·
889 2429 933 2501 τοὶ
951 2431 981 2500 δ’
997 2432 1080 2522 alosa
1093 2427 1155 2516 τὴν
1168 2430 1364 2524 φιλοεργόν·

450 2539 578 2630 daroma
600 2543 629 2611 δ’
645 2534 692 2613 αὖ
713 2545 832 2633 μίτρας
851 2539 915 2611 τάν
934 2541 1211 2634 πολιοκρόταφον.

405 2651 536 2723 τοιάνδε
558 2651 760 2745 σταλοοργός
782 2651 832 2721 ὅδ’
850 2657 967 2748 ίίκρυφε
988 2657 1130 2723 Βιττίδα
1150 2651 1274 2743 τύμβος

448 2769 706 2854 τιμελαχραντον
726 2769 908 2858 νυμφιδίοιν
928 2761 1060 2854 ύλοχον.

361 2898 412 2968 lta
439 2903 519 2968 haec
545 2907 581 2969 in
608 2902 680 2970 eod.
709 2905 824 2990 scripta
854 2913 937 2969 sunt.
986 2905 1162 2970 Verissime
1188 2901 1362 2967 Jacobsius

363 3014 451 3101 quod
478 3037 575 3081 versu
601 3017 715 3102 quinto
743 3013 860 3104 legitur
893 3010 1095 3101 σταίουργός
1120 3018 1262 3101 ineptum
1288 3035 1363 3080 esse

362 3125 501 3214 sepulcri
523 3127 688 3214 epitheton
709 3129 826 3191 statuit
871 3125 981 3211 ltaque
1007 3129 1138 3216 corrigit
1161 3120 1364 3213 σταλοοργός

363 3232 412 3322 ἔμ’
438 3237 555 3328 &popa
576 3237 718 3304 Βιττίδα
745 3230 872 3321 τύμβῳ,
902 3246 935 3302 et
955 3260 1052 3305 versu
1074 3247 1227 3325 sequente
1255 3239 1362 3324 Τίμα-

362 3349 429 3424 tog.
481 3347 681 3415 Crediderim
708 3349 787 3413 haee
814 3351 859 3413 ita
885 3353 992 3435 potius
1020 3348 1207 3438 refingenda
1234 3369 1304 3412 esse
1325 3360 1363 3413 ut

363 3457 533 3526 scribatur:
554 3455 693 3526 Τοιύνδε
710 3461 915 3548 σταλοοργοῦ
929 3455 980 3525 ὅδ’
995 3463 1112 3552 lupoque
1125 3459 1268 3525 Βιττίδα
1281 3454 1362 3544 τύμ-

362 3571 423 3654 βος
456 3565 584 3658 Τιμόλα
618 3563 784 3660 ἄχραντον
815 3572 995 3663 νομφιδίαν
1026 3564 1158 3657 ἄλοχον.
1215 3569 1361 3636 Timolao

362 3702 480 3748 nomen
503 3703 541 3748 ex
561 3681 823 3770 inscriptionibus
844 3685 1015 3772 cognitum.
1042 3679 1175 3749 'similia
1191 3692 1266 3748 sunt
1283 3678 1362 3769 Ἀρ-

431 3883 463 3952 7)
493 3882 575 3962 Apud
592 3883 705 3961 Diogen.
723 3883 813 3942 Laert.
830 3882 864 3942 V.
884 3881 961 3940 Tlral.
979 3882 999 3940 l.
1032 3882 1133 3940 Thales
1151 3882 1281 3940 oriundus
1300 3901 1362 3938 esse

363 3967 462 4024 dicitur
484 3977 510 4025 ln
532 3971 582 4026 τῶν
602 3973 729 4044 Θηλιδῶν,
753 3976 782 4028 ol
801 3977 849 4028 slus
870 3977 989 4034 Φοίνικες
1011 3968 1195 4043 εὗγειίοτατοι.
1237 3967 1362 4026 Scriben-

363 4052 426 4110 dum
443 4058 566 4127 Βηλιδῶν.
