3026 4816
436 460 694 521 anderemo
717 461 904 521 emulos.
1124 467 1176 522 loe

171 608 265 703 παρὰ
291 608 487 703 προθύροις.
537 615 591 680 De
613 616 758 701 optativo
785 615 979 704 pappolum
1007 617 1043 680 in
1069 617 1177 705 singu-

173 725 234 792 lari
267 746 402 793 numero
432 724 556 792 dicetur
589 725 630 791 ad
658 724 877 814 Euphorionis
909 729 1034 816 Fragm.
1063 725 1175 794 CLXI.

173 839 332 903 Usitatius
361 836 488 924 quidem
517 847 566 903 est
588 839 641 904 ἐπὶ
662 833 788 927 θύραις
809 839 941 918 στῆναι,
968 860 1062 925 quam
1083 833 1177 928 παρὰ

173 944 308 1037 θύραις.
341 949 386 1014 At
407 970 469 1014 nec
482 948 546 1015 hoc
560 959 673 1015 contra
686 972 778 1016 usum
793 971 863 1015 esse
878 948 976 1016 docet
990 949 1175 1018 Callimacb.

173 1063 285 1150 Epigr.
306 1062 453 1141 LXXIII,
475 1064 506 1126 2.
556 1061 674 1128 Paulus
696 1061 809 1128 silent.
832 1060 927 1127 Antb.
950 1061 1017 1127 Pal.
1040 1065 1102 1142 VI,
1125 1065 1177 1143 71,

174 1175 195 1238 5
219 1182 252 1237 ct
272 1175 344 1258 ipse
366 1172 574 1261 Asclepiades
599 1176 709 1264 Epigr.
732 1174 835 1254 XXII,
857 1175 887 1239 2.

262 1285 381 1350 XVIII.
425 1284 605 1352 Brunclius
632 1295 666 1351 et
687 1295 762 1352 ante
786 1296 818 1351 et
839 1295 915 1374 post
936 1284 1110 1352 secundum
1133 1283 1178 1350 di-

174 1395 301 1460 stichon
329 1395 449 1482 aliquid
477 1397 676 1463 intercidisse
705 1400 872 1474 existiman
909 1407 942 1463 at
971 1419 1053 1486 quae
1081 1399 1177 1462 tertio

174 1529 273 1573 versu
301 1506 453 1595 leguntur
480 1505 548 1574 ἀλλ’
575 1504 716 1586 ὁκαλὸς
740 1504 865 1595 μόσχος
885 1510 986 1575 πλέον
1006 1507 1110 1594 ἰ’σχυε,
1140 1530 1178 1574 ea

98 1623 126 1646 ”
173 1620 296 1706 optime
329 1618 596 1705 praecedentibus
631 1622 874 1710 subiunguntur.
930 1620 1069 1686 Facilius
1103 1630 1179 1708 post

173 1729 283 1817 ἴσχυεν
306 1734 371 1813 (ita
392 1734 476 1796 enim
500 1731 572 1812 cod,
594 1733 690 1799 habet
711 1755 770 1821 pro
793 1731 901 1819 ἰ’σχνε)
928 1732 1073 1798 lacunam
1098 1731 1178 1798 indi-

175 1841 310 1908 candam
333 1865 404 1909 esse
427 1843 561 1923 credam,
583 1854 620 1910 ut
642 1845 825 1912 dubitanter
847 1845 925 1910 olim
945 1846 1105 1911 statuebat
1124 1848 1179 1911 Ja-
1300 1910 1301 1914 ,

175 1954 315 2036 οολιεὶιιε,
337 1959 391 2042 qui
413 1979 506 2043 quam
527 1959 562 2022 in
583 1957 680 2024 Antb.
703 1957 770 2024 Pal.
794 1959 1011 2024 obscurissimi
1032 1960 1178 2023 carminis

174 2071 472 2156 interpretationem
493 2073 641 2149 tentavit,
670 2091 739 2134 eam
760 2092 848 2134 nunc
872 2072 975 2156 ipsum
997 2070 1178 2158 improbare

174 2201 245 2246 non
273 2179 396 2246 dubito.
440 2181 541 2245 Vsl
571 2177 610 2247 τό
639 2180 782 2248 additum
810 2204 828 2246 a
855 2181 1030 2248 Brunckio.
1075 2184 1178 2249 vsa

174 2295 256 2357 mire
284 2290 402 2357 dictum
432 2302 481 2357 est
509 2288 528 2357 ὁ
555 2286 656 2370 καλός
683 2289 807 2379 μόσχος
829 2292 870 2359 de
891 2315 1005 2380 puero,
1036 2295 1178 2380 quamvis

146 2489 148 2494 Ι
175 2403 289 2470 similia
318 2404 359 2469 de
381 2402 498 2490 puellis
526 2402 588 2470 dici
610 2405 713 2492 probe
739 2408 817 2472 scio.
861 2403 1072 2471 Scribendum
1094 2403 1179 2471 haud

176 2515 276 2581 dubie
299 2510 452 2602 Μόσχος,
480 2515 515 2582 id
538 2527 574 2583 ut
600 2520 693 2604 pueri
716 2521 809 2583 amati
830 2539 950 2583 nomen
972 2521 1022 2582 sit.
1073 2516 1180 2602 Quae

176 2629 238 2692 sila
267 2627 473 2716 ambiguitate
494 2627 704 2694 Dioscorides
725 2629 821 2695 Antb.
844 2629 913 2695 Pal.
934 2631 993 2710 XI,
1014 2630 1081 2695 363
1103 2628 1180 2695 dixit

15 2821 18 2832 .
127 2801 128 2804 ,
177 2736 428 2824 ὁΠτολεμαίου
442 2735 590 2826 Μόσχος.
624 2743 719 2807 Vsa
742 2740 814 2807 cod.
830 2736 1010 2827 η’σύχασας,
1030 2738 1117 2827 quod
1132 2763 1180 2806 re·
1239 2799 1240 2804 ,

177 2853 302 2917 vocavi.
352 2852 522 2918 Jacobsius
558 2843 629 2918 cum
659 2853 824 2919 Brunckio
854 2847 1032 2940 ἡσυχάσας.
1075 2854 1179 2919 vce

178 2963 251 3030 cod.
284 2964 362 3044 τῆὄὲ
397 2987 466 3030 cum
499 2968 593 3054 signo
629 2964 839 3053 corruptelae.
891 2966 1063 3031 dacobsius
1095 2965 1180 3054 τῇδε,

178 3076 249 3155 ibi,
272 3085 361 3142 tum.
404 3076 529 3141 Dubito
551 3098 627 3143 num
648 3087 744 3143 recte.

271 3189 356 3253 XIX.
398 3189 456 3252 Vs.
479 3190 501 3254 3
528 3188 629 3278 vulgo
658 3183 801 3270 ἥδιστον.
853 3188 938 3257 Cod.
967 3183 1079 3271 ἥδειον
1106 3190 1127 3255 i.
1150 3211 1178 3256 e.

178 3293 281 3380 ἥδιον.
1046 3300 1049 3304 ’

266 3412 363 3476 XXII.
400 3413 458 3476 Vs.
479 3413 501 3477 3
530 3411 601 3478 cod.
624 3415 741 3493 κείνης.
784 3412 874 3480 Plan.
897 3435 1008 3501 parum
1030 3414 1181 3501 probabi·
1206 3413 1210 3432 ¹

177 3522 251 3588 liter
269 3519 409 3604 Ἑλένης.
453 3525 525 3589 Nec
545 3527 645 3615 magis
667 3524 797 3612 placent
819 3546 900 3612 quae
921 3524 1091 3592 Jacobsius
1114 3535 1182 3590 ten-

179 3638 258 3699 tavit
278 3635 406 3715 Κίννης
427 3635 481 3700 vel
502 3631 666 3718 Σκύλλης.
711 3637 904 3725 Suspicabar
925 3637 1093 3714 Κλεινοῦς.
1134 3638 1182 3703 Si-

178 3746 246 3811 mili
261 3768 372 3813 crrore
385 3750 420 3814 in
435 3747 525 3814 libris
540 3749 654 3814 Athen
669 3751 706 3830 X,
720 3774 752 3837 p.
769 3752 835 3817 425
849 3775 876 3817 e.
908 3750 1017 3830 Κλίνη
1031 3750 1182 3816 scribitur
1314 3835 1319 3850 x

179 3880 260 3945 quae
283 3859 347 3926 alio
370 3859 445 3926 loco
469 3860 509 3925 ab
533 3863 604 3947 ipso
627 3861 794 3928 Athenaeo
817 3872 951 3929 vocatru
971 3857 1109 3927 Κλεινό.

267 3972 380 4038 XXIII.
416 3974 475 4038 Vs.
497 3974 514 4037 l
543 3973 590 4057 τῷ
611 3972 733 4058 θαλλῷ
754 3967 879 4058 Διδύμη
900 3996 942 4058 με
964 3968 1181 4060 συνήρπασεν.

179 4080 354 4170 Eleganter
375 4082 586 4151 Rubnbcnius
615 4077 659 4150 rol
680 4078 844 4176 ’φθαλμώ
866 4081 1009 4173 Διδύμης
1035 4107 1075 4170 με
1103 4104 1182 4150 σνν-
