3016 4808
424 447 615 502 Imma
639 450 911 500 ΤΑΡΑΝΤῙΝΟΥ
1133 448 1168 504 47

582 597 750 664 LXXXIX.

163 705 276 799 Εύρον
296 732 338 796 με
359 717 493 799 τρηχεῖα
514 710 571 776 καὶ
593 703 758 791 αίπήεσσα
777 711 936 795 καταιγίς,

207 823 266 888 καὶ
285 815 345 902 νύξ
364 823 422 888 καὶ
443 821 609 914 δνοφερῆς
633 815 765 908 κύματα
785 821 969 901 πανδυσίης

164 929 281 1020 ἔβλαψ’
304 930 476 1022 Ὠρίωνος·
498 927 699 1001 άπάλισθον
719 933 755 999 δὲ
775 932 866 1018 βίοιο

208 1039 442 1133 Κάλλαισχρος
462 1045 617 1131 Λιβυκοῦ
636 1047 745 1132 μίσσα
765 1047 859 1112 θέων
879 1038 1045 1129 πελάγεος.

163 1151 254 1244 κάγά
275 1158 336 1245 μὲν
356 1152 468 1242 πόντῳ
490 1151 675 1244 δινούμενος
695 1151 811 1242 ίχθύσι
831 1149 940 1246 κύρμα

210 1267 360 1356 οίχημαι·
386 1262 532 1357 ψεύστης
553 1264 585 1334 δ’
612 1257 708 1345 οὗτος
729 1269 838 1336 θιεστι
858 1268 968 1344 λίθος.

633 1412 704 1482 XC.

169 1527 275 1613 Θῆριν
295 1520 356 1593 τόν
376 1530 583 1615 τριγίροντα,
604 1518 664 1592 τόν
684 1519 832 1612 εύάγρων
853 1517 921 1592 άπό
941 1520 1067 1615 κύρτων

210 1637 330 1718 ζῶντα,
351 1632 412 1705 τόν
433 1639 571 1719 αίθυίης
591 1636 729 1704 πλείονα
748 1632 942 1724 νηξάμενον,

165 1749 459 1839 ίχθυσιληϊστῆρα,
481 1751 643 1835 σαγηνία,
660 1743 905 1838 χηραμοδύτην,

210 1856 283 1948 ούχὶ
303 1856 537 1950 πολυσκάλμον
559 1855 715 1951 πλάτορα
734 1861 911 1942 ναυτιλίης,

166 1973 271 2058 ἔμπης
292 1965 356 2038 οὔτ’
377 1970 577 2062 Ἀρκτοῦρος
599 1967 766 2039 άπόλεσεν
787 1964 862 2038 ούτε
883 1975 1033 2059 καταιγίς

209 2077 314 2165 ἤλασε
336 2077 397 2162 τάς
416 2078 543 2162 πολλάς
563 2083 630 2150 τῶν
651 2087 749 2150 ἐτέων
770 2077 924 2160 δεκάδας·

166 2191 234 2262 ἀλλ’
260 2191 353 2262 ἔθαν’
379 2200 415 2262 ίν
435 2190 561 2288 καλύβη
583 2196 768 2282 σχοινίτιδι,
790 2189 907 2282 λύχνος
928 2192 1039 2274 ὁποία,

210 2308 257 2392 τῷ
278 2309 393 2396 μακρῷ
416 2307 574 2392 σβεσθεὶς
595 2311 632 2373 ἐν
648 2301 759 2395 χρόνῳ
782 2302 978 2393 αὐτόματος.

168 2421 260 2505 σῆμα
281 2420 315 2486 δὲ
338 2414 420 2486 τοῦτ’
446 2414 486 2484 οὐ
507 2419 623 2496 παῖδες
645 2414 850 2508 ἐφήρμοσαν,
873 2415 942 2486 οὐδ’
964 2412 1169 2507 ὁμόλεκτρος,

211 2523 298 2596 άλλά
320 2531 552 2620 σννεργατίνης
572 2527 765 2617 ίχθυβόλνν
786 2532 921 2610 θίασος.

623 2675 710 2745 XCI.

166 2786 324 2878 Ἀρχαίης
345 2779 373 2855 ά
393 2783 494 2867 θινός
514 2791 780 2876 ἐπεστηλυμίνον
801 2782 920 2876 άχθος,

211 2899 314 2979 είποις
336 2895 430 2968 ὅντιν’
456 2901 538 2987 ίχεις
558 2895 581 2982 ἢ
601 2903 693 2979 τίνος
713 2895 736 2982 ἢ
756 2898 921 2969 ποδαπόν.

171 3010 307 3081 Φίντωιί
329 3010 510 3100 Ἕρμιονῆα
530 3013 746 3095 Βαθυκλέος,
769 3007 810 3081 δν
829 3007 915 3082 πολύ
934 3016 1022 3104 κῦμα

211 3119 345 3205 ὤλεσεν,
363 3119 563 3213 Ἀρκτούρου
583 3126 722 3193 λαίλαπι
739 3120 959 3216 χρησάμενον.

617 3271 719 3341 XCII.

168 3377 305 3472 Πάρμις
327 3379 346 3448 ὁ
369 3378 607 3468 Καλλιγνώτου
628 3389 805 3462 ἐπακταῖος
825 3379 1039 3470 καλαμευτής,

211 3486 312 3583 άκρος
332 3495 389 3560 καὶ
409 3495 522 3581 κίχλης
542 3497 599 3562 καί
621 3491 746 3586 σκάρον
767 3492 973 3582 ίχθυβολεύς,

105 3659 108 3666 .
142 3630 144 3638 ·
168 3604 224 3669 καὶ
245 3598 373 3693 λάβρον
393 3609 514 3695 πέρκης
534 3603 771 3695 δελεάρπαγος,
794 3603 881 3675 ὅσσα
903 3631 938 3675 τε
958 3612 1072 3688 κοίλας

213 3709 383 3803 σήραγγας
403 3722 525 3807 πέτρας
545 3716 569 3785 τ’
594 3721 779 3807 ἐμβυθίους
799 3725 939 3808 νέμεται,

237 3905 391 3966 LXXXIX.
413 3909 470 3967 Pal.
483 3908 546 3981 VII,
563 3916 625 3970 27³.
651 3911 699 3970 Vn.
717 3916 735 3969 6
752 3914 882 3988 οίχεῖιμαι·
902 3946 935 3958 -
957 3912 1018 3972 XC.
1042 3912 1099 3971 Pal.
1111 3911 1171 3981 VII,

167 3996 227 4053 295.
245 3993 326 4054 V⁸.3
343 3999 560 4073 ίχθνοληῑστῆρα,
574 4033 606 4043 -
624 3998 698 4056 XCI.
715 3997 772 4058 Pal.
784 3998 843 4069 VII,
855 4002 917 4058 503.
934 3999 1012 4059 le
1030 3999 1092 4058 fort.
1107 3997 1172 4076 ’Λρ-

167 4087 236 4154 χείης
255 4114 287 4127 -
305 4081 392 4141 XCII.
410 4082 466 4142 Pal.
478 4082 538 4154 VII,
556 4088 617 4144 5⁰4.
635 4083 713 4144 le
732 4085 853 4151 ίπάετιος
870 4087 904 4150 ὥς
920 4112 945 4144 κ.
