3026 4816
331 458 383 516 118
594 451 852 512 annoanlo
876 452 1061 513 ClllTlCA.

417 607 517 672 XXV.
557 607 659 672 Vsa
688 605 729 671 ad
758 601 928 695 ὀρθιάσας
956 606 1012 672 cfr.
1042 607 1221 694 Stephanus
1249 609 1331 694 nyz.
1457 595 1460 602 ¹

330 741 361 785 v.
376 712 626 802 Παοὸςπόλας·
648 719 717 784 ἔστι
738 719 773 783 δὲ
794 718 927 784 καὶτοῦ
941 719 1028 785 θεοῦ
1049 719 1173 800 (Panis)
1196 710 1332 804 ἄγαλμα

330 833 432 916 μέγα,
461 823 627 918 ὀρθιακὸν
655 828 739 918 (leg.
762 822 951 916 ὠρθιακδς)
979 830 1054 914 ἕχον
1075 821 1114 895 τὸ
1137 829 1266 896 αὶδοῖοκ
1288 835 1333 907 εὶς

330 935 414 1008 ἑπτὰ
440 936 634 1020 δακτύλους,
662 943 790 1031 ἐπαίρει
816 964 851 1007 τε
871 937 1036 1026 μάστιγας
1057 940 1097 1031 τῇ
1118 938 1209 1024 δεξιᾷ
1237 940 1331 1023 (add.

331 1056 395 1135 εὶς)
417 1047 583 1133 Σελήνην.
621 1054 715 1119 vss
737 1053 852 1118 frustra
875 1061 1031 1118 tentatum
1053 1050 1093 1117 ab
1116 1055 1147 1117 J.
1166 1052 1332 1142 Scaligero

331 1163 428 1230 docet
450 1164 632 1256 Archilochi
659 1185 770 1229 versus
799 1162 885 1250 apud
911 1163 1027 1230 Athen.
1049 1167 1128 1244 Vll,
1158 1189 1189 1253 p.
1212 1167 1277 1231 299
1300 1189 1332 1229 α.

329 1269 456 1354 πολλὰς
483 1276 518 1342 δὲ
539 1270 668 1367 τυφλὰς
695 1275 848 1361 ἐγχέλυας
875 1273 986 1356 ἐδέξω,
1016 1277 1105 1364 quod
1128 1286 1217 1342 reete
1237 1280 1334 1342 inter-

331 1398 474 1477 pretatus
496 1399 546 1455 est
566 1388 766 1455 Schneidevr.
789 1385 863 1451 Del.
885 1410 918 1474 p.
944 1389 1016 1453 193.

418 1501 533 1566 XXVI.
577 1500 731 1565 Jacobsio
753 1500 840 1564 vsa
868 1492 956 1564 ἀλλὰ
982 1493 1109 1585 μόλοιτ’
1136 1496 1188 1565 o'cv’
1215 1492 1276 1586 ὅρη
1300 1511 1334 1565 et

330 1634 377 1677 vs.
401 1615 421 1679 4
448 1611 510 1677 τοῦ
531 1609 561 1678 δ’
588 1609 798 1698 ἁρπακτῆρες
826 1611 1027 1677 scribendum
1054 1610 1191 1678 videtur.
1237 1610 1333 1697 Quae

331 1724 502 1810 ingeniosa
523 1723 651 1808 quidem
673 1733 722 1788 est
744 1722 938 1802 emendatio,
968 1721 1027 1788 sed
1049 1733 1085 1788 ut
1105 1724 1181 1788 mihi
1204 1719 1333 1810 quidem

330 1832 459 1900 videtur
480 1853 547 1900 non
569 1837 756 1900 necessaria.
802 1835 885 1899 Nam
906 1833 994 1914 illud,
1017 1837 1057 1899 αἴ
1075 1831 1105 1900 τ’
1124 1831 1175 1900 ἀν’
1198 1829 1259 1921 ὅρη
1281 1857 1334 1900 κε-

331 1949 526 2032 κορεσμένοι
554 1955 587 2011 et
612 1956 701 2010 recte
729 1955 762 2010 et
789 1945 955 2034 eleganter
980 1945 1098 2011 dictum
1127 1956 1190 2025 est,
1218 1949 1245 2010 si
1271 1968 1334 2033 pro

331 2060 483 2122 vocativo
511 2079 587 2122 casu
615 2058 777 2144 accipitur.
828 2055 894 2123 Sed
921 2057 1077 2145 particula
1104 2060 1140 2142 ys
1167 2061 1202 2122 in
1227 2057 1335 2124 verbis

331 2172 392 2235 τοῦ
411 2167 443 2255 γ’
463 2167 673 2258 ἁρπακτῆρες
687 2169 784 2234 habet
798 2191 875 2234 sane
890 2168 1010 2256 aliquid
1025 2169 1224 2248 offensionis,
1246 2168 1335 2255 quod

331 2282 375 2344 ita
399 2281 511 2345 evitari
526 2289 644 2368 potest
665 2283 693 2345 si
708 2291 837 2369 poetam
850 2284 912 2347 τοῦ
925 2281 1157 2369 δαρδαπτῆρος
1170 2283 1336 2369 scripsisse

331 2402 479 2480 ponatur.

419 2503 551 2570 XXVII.
589 2505 691 2570 ΝΜ
721 2503 853 2570 adverte
882 2507 1118 2591 eorreptionem
1140 2502 1336 2591 penultimae

332 2614 477 2701 syllabae
491 2616 582 2680 vocis
597 2616 709 2702 πρίαιο,
733 2619 822 2682 ouius
840 2637 1007 2682 mensurae
1022 2614 1144 2681 nullum
1161 2615 1337 2703 exemplum

332 2729 466 2813 reperiri
492 2726 627 2813 putabat
653 2728 817 2792 Porsonus
846 2727 887 2792 ad
915 2727 1079 2816 Euripidis
1108 2725 1196 2792 Med.
1228 2750 1259 2814 p.
1283 2729 1336 2791 16.

333 2837 426 2903 Adde
455 2837 654 2927 Meleagrum
683 2838 780 2905 Anth.
804 2837 871 2903 Pal.
893 2840 971 2918 Vll,
995 2841 1058 2904 196
1087 2832 1173 2925 ἄκρα
1202 2835 1232 2904 δ’
1259 2842 1337 2927 ἐφε-

332 2943 468 3034 ζόμενος
478 2946 632 3028 πετάλοις
642 2945 835 3039 πριονώδεσι
847 2946 971 3030 κώλοις,
987 2960 1020 3015 et
1031 2949 1226 3015 Nicandrum
1240 2951 1336 3014 Ther.

332 3063 376 3127 52
397 3064 454 3128 καὶ
475 3058 497 3141 ἡ
519 3056 688 3145 πριόκεσσι
710 3064 832 3148 τομαίη
854 3064 975 3151 κέδρος.
1012 3061 1110 3127 Attici
1132 3071 1239 3126 tamen
1260 3083 1338 3127 con-

332 3180 454 3260 stanter
474 3171 701 3259 produxennrt
746 3175 804 3239 Vs.
826 3175 848 3240 3
875 3195 939 3261 quo
961 3176 1031 3239 iure
1052 3176 1186 3238 runcina
1208 3168 1337 3258 εὐαγής,

332 3284 507 3370 fragilis,
528 3287 638 3350 vocari
659 3288 764 3373 possit
782 3307 850 3350 non
871 3284 1074 3374 intelligitur;
1097 3307 1158 3351 nee
1175 3284 1281 3373 placet
1301 3288 1337 3351 in

332 3395 448 3461 eodem
469 3417 567 3466 versu
589 3393 707 3481 εὐαγέα
730 3406 763 3461 et
783 3400 943 3485 περιαγές.
980 3397 1172 3484 suspicabar
1185 3397 1263 3462 olim
1285 3393 1337 3462 εὐ-

332 3510 423 3593 αχέα,
446 3528 639 3573 sonoram.
683 3508 780 3574 Nunc
800 3507 905 3573 malim
927 3502 1074 3595 ῥαιάιαν
1095 3505 1124 3573 τ’
1152 3505 1311 3593 εὐθαγέα.

426 3620 574 3685 XXVlll.
620 3621 722 3686 vso
751 3618 850 3686 verba
885 3613 971 3685 ἀλλὰ
1004 3616 1090 3687 ποθ’
1116 3612 1236 3696 αὑτοὺς
1268 3614 1333 3683 αἴτ’

148 3723 149 3728 ’
195 3761 197 3766 ’
334 3726 426 3818 ὠμὰς
453 3732 616 3822 παραθῇς
644 3742 703 3798 ete
731 3735 784 3798 vix
811 3731 873 3797 dici
900 3740 1010 3818 potest
1032 3741 1231 3818 quantopere
1253 3731 1340 3795 criti-

335 3864 391 3907 cos
415 3846 625 3922 exercuerint,
647 3847 701 3930 qui
723 3848 750 3908 si
773 3843 813 3909 ad
835 3845 934 3909 totius
957 3845 1103 3908 carminis
1125 3853 1269 3908 tenorem
1292 3851 1339 3906 at-

333 3955 467 4022 tendere
489 3954 680 4036 voluissent,
709 3954 866 4022 vidissent
886 3954 1041 4044 profecto
1059 3953 1155 4020 nullis
1178 3956 1341 4018 coniectu-

332 4071 376 4133 ris
406 4089 549 4133 mancam
579 4069 758 4135 orationem
785 4068 995 4156 redintegrari
1018 4088 1124 4154 posse.
1180 4066 1229 4130 lta
1254 4066 1340 4131 enim
