3028 4826
514 433 832 526 oourncrsuns.
1123 464 1178 518 αα

217 592 333 696 Ιἄρσενι
355 605 385 673 δ’
401 604 595 697 ’θθρνύόαο
618 604 712 700 φόνῳ
732 610 976 696 κεκαλυμμένον
997 605 1101 678 ὅπλον

262 714 432 806 καρύσσει·
460 719 582 808 Θυρέα,
604 721 682 800 Ζεῦ,
703 721 992 806 Λακεδαιμονίων.

219 835 255 896 αλ
276 831 311 896 δέ
326 853 376 907 τις
393 827 551 917 Ἀργείων
565 833 684 922 έφυγεν
704 826 818 919 μόρον,
840 821 880 913 ἧς
894 828 953 896 ἀπ’
975 827 1176 921 Ἀδράστου·
1243 841 1245 846 “
1285 889 1288 899 ,

263 935 413 1028 Σπάρτᾳ
434 937 464 1007 δ’
484 938 525 1007 οὐ
545 936 584 1008 τὸ
605 943 737 1022 θανεῖν,
760 936 846 1008 ἀλλὰ
861 949 978 1035 φυγεῖν
992 939 1154 1021 θάνατος.

176 1077 315 1145 Carmen
336 1075 400 1141 hoc
421 1075 461 1141 ab
484 1075 553 1141 aliis
582 1077 623 1142 ad
645 1077 841 1143 Simonidem
861 1077 997 1144 relatum
1018 1088 1082 1158 est,
1110 1081 1178 1165 qui-

175 1189 236 1255 bus
258 1198 345 1254 reete
368 1187 554 1274 obloquitur
567 1188 840 1256 Schneidewinus.
873 1191 982 1255 Versu
1003 1193 1107 1278 primo
1124 1211 1178 1254 ve-

174 1303 338 1367 hementer
352 1301 451 1364 miror
464 1301 622 1365 neminem
636 1300 776 1366 haesisse
790 1303 824 1366 in
839 1302 1070 1391 συναρέθμοις,
1090 1300 1178 1395 quod

175 1412 272 1500 plane
300 1410 455 1476 absonum
483 1409 513 1475 h.
543 1411 563 1476 l.
594 1421 627 1478 et
659 1434 756 1478 sensu
785 1434 917 1478 cassum.
967 1412 1177 1479 Scribendum

175 1523 261 1590 haud
289 1521 386 1588 dubie
414 1532 484 1600 τοῖς
512 1524 722 1609 λσαρέθμοις,
756 1534 792 1590 ut
820 1523 969 1611 Spartani
1005 1534 1038 1590 et
1064 1524 1178 1613 Argivi

174 1638 244 1722 pari
272 1636 431 1721 utrimque
463 1655 559 1702 manu
593 1634 635 1700 de
665 1635 795 1723 Thyrea
828 1658 987 1726 pugnasse
1020 1635 1177 1702 dicantur.

82 1759 84 1764 ’
175 1747 280 1835 Atque
308 1749 354 1811 ita
380 1768 432 1811 res
461 1756 606 1811 narratur
632 1749 725 1812 etiam
749 1745 789 1811 ab
815 1746 894 1813 aliis.
945 1746 1013 1815 Cn.
1037 1746 1178 1815 Chaere-

175 1881 251 1925 mon
273 1859 367 1924 Anth.
389 1857 456 1922 Pah
473 1859 545 1937 vll,
567 1861 628 1925 721
653 1865 724 1935 τοῖς
739 1851 854 1946 ’Ἀργει
873 1853 1088 1948 Σπάρτηθεν
1108 1857 1179 1926 λ’σαι

172 1975 266 2058 χέρες
286 1965 344 2036 ἶσα
358 1970 393 2035 δὲ
415 1965 510 2055 τεύχη
524 1965 748 2055 σνμβοίλομεν.
782 1969 903 2057 Θυρέαν
916 1966 947 2035 δ’
962 1959 1050 2052 ἦσαν
1065 1963 1178 2036 ἄεθλα

176 2076 282 2169 δορός.
315 2082 422 2146 Versu
443 2084 555 2167 quinto
578 2083 726 2146 vitiosum
748 2061 819 2147 esse
833 2081 1076 2167 κεκαλυμμένον
1090 2092 1178 2148 τεοῖο

175 2193 257 2259 vidit
277 2191 540 2259 Schneidewinus
562 2191 683 2258 Simon.
704 2215 737 2279 p.
751 2195 826 2272 223,
849 2195 903 2279 qui
924 2194 1177 2279 κεκαλυμμένον

178 2309 207 2369 ei
243 2303 412 2370 substituit.
468 2303 534 2370 Sed
568 2306 684 2390 αἵματι
712 2299 868 2370 παλύνειν
901 2313 989 2369 recte
1017 2302 1081 2369 dici
1109 2325 1177 2369 non

176 2415 273 2482 credo
296 2417 358 2481 nisi
381 2415 522 2502 exempla
544 2415 702 2481 afferenti.
738 2417 948 2481 Leuissimum
970 2425 1056 2480 esset
1067 2417 1178 2481 κεκλο-

176 2531 311 2611 σμένον,
332 2526 390 2592 sed
414 2529 608 2614 aptissimum
636 2528 897 2613 πεπαλαγμένον.
943 2525 985 2590 V.
1006 2525 1178 2593 Jacohsius

176 2637 217 2703 ad
240 2638 334 2703 Anth.
356 2639 423 2704 Pal.
446 2639 505 2718 lx,
528 2639 601 2706 158.

467 2925 662 2978 suomuos
679 2924 738 2976 ru.
751 2925 806 2992 rx,
825 2921 886 2977 ιιι.

227 3039 326 3102 Τι’πτε
350 3031 475 3126 Μύρων
496 3059 537 3124 με
559 3031 598 3103 τὸ
617 3037 748 3122 βοίδιον
762 3038 926 3104 ἐνταυθοῖ
945 3029 1038 3125 παραὶ
1052 3036 1179 3122 βωμοῖς

263 3151 423 3230 ἔστασας,
445 3143 504 3214 οὐκ
526 3149 654 3227 ἐθέλεις
675 3153 844 3234 ελσαγέμεν
863 3152 1028 3237 μέγαρον,

177 3286 298 3349 Versus
319 3285 440 3371 primus
462 3304 530 3349 non
552 3294 669 3370 poetae
692 3283 751 3349 sed
772 3281 972 3349 librariorum
993 3281 1089 3370 culpa
1108 3304 1179 3348 suc·

177 3398 249 3460 cisis
271 3393 446 3482 poplitibus
469 3394 598 3461 incedit.
636 3395 807 3483 Scripsisse
820 3393 947 3460 videtur
968 3403 1066 3482 poeta
1087 3394 1178 3458 τίπτε

177 3501 303 3594 Μύρων
328 3502 364 3591 μ’
383 3505 536 3571 ἐνταῦθα
563 3501 602 3573 τὸ
629 3507 770 3592 derideor
798 3499 890 3593 παρὰ
917 3505 1106 3591 βωμοῖς-
1140 3504 1178 3569 ln
1226 3569 1236 3586 ,

175 3639 240 3704 quo
268 3617 409 3702 βοιέδιον
436 3638 498 3705 pro
519 3603 650 3702 βοίδιον
678 3617 886 3697 dictumest,
913 3615 1178 3704 quemadmodum

175 3731 367 3795 Theocritus
389 3728 437 3794 Id.
452 3729 511 3808 Ι,9
533 3727 612 3795 dixit
625 3727 715 3796 σ’ίϊὸα
735 3751 796 3817 pro
812 3723 899 3809 ὅϊὸα,
920 3739 954 3794 et
970 3728 1178 3794 Mimnermus

175 3841 262 3929 apud
285 3840 401 3907 Athen.
424 3841 475 3920 XI,
498 3865 530 3929 p.
547 3845 613 3908 ⁴170
634 3840 663 3906 h.
686 3842 809 3918 κολῖλος
829 3861 891 3928 pro
912 3841 1038 3917 κοῖλος·
1072 3840 1179 3926 Atque

174 3955 277 4040 ipsum
306 3951 387 4019 illud
415 3953 559 4037 βοιῖδιον
592 3951 690 4018 habes
719 3952 804 4039 apud
837 3955 898 4018 inc.
925 3960 1054 4040 poetam
1083 3952 1177 4016 Anth.

174 4064 432 4145 Pal.v11,1oo
461 4063 613 4131 Βοιῖδιον
640 4065 675 4131 δὲ
696 4060 830 4150 καλεῦμ’
852 4057 914 4150 dyo)
936 4061 979 4143 ὡς
1001 4059 1084 4130 τότε.
1129 4063 1179 4128 ln-
