3028 4826
502 467 822 530 conmortuus.
1113 475 1163 530 181

162 622 278 709 aliquo,
300 620 476 707 meliusque
504 621 615 687 forsan
636 643 695 709 per
716 624 1001 711 interrogationem
1027 621 1164 689 efferun-

161 742 227 798 tur:
256 735 363 820 itaque
393 740 496 798 aetate
526 755 578 799 res
602 733 810 799 discernitur?
853 733 975 799 Eadem
995 736 1029 799 in
1051 735 1163 801 ultimo

163 844 298 910 disticho
319 846 402 910 ratio
426 854 476 911 est
496 844 682 924 verborum,
711 839 821 934 ὅρκοις
842 837 959 911 λοιπὸν
979 840 1033 909 ἀεί
1052 868 1086 911 τι
1106 869 1164 912 πε-

161 954 350 1040 ποίθαμενς
371 955 429 1022 ubi
443 955 548 1021 malim
562 957 780 1040 πεποίθομεν,
800 958 822 1020 i.
840 977 869 1021 e.
883 955 1107 1041 πεποίθαμεν,
1128 964 1164 1022 ut

161 1065 246 1152 apud
260 1068 435 1132 Homerum
452 1065 516 1133 Od.
535 1068 585 1148 lo,
598 1068 675 1134 335.
701 1068 817 1132 Verte:
835 1069 1072 1132 iuramentis
1088 1069 1165 1156 igi-

160 1188 225 1242 tur
247 1176 392 1243 abhinc
413 1177 534 1244 fidem
555 1177 789 1244 babeamus?
821 1179 886 1242 Pro
902 1201 934 1243 τι
948 1177 1020 1244 cod.
1035 1200 1080 1257 τε,
1101 1179 1163 1245 fre-

161 1293 272 1374 quenti
286 1289 378 1354 buius
400 1288 474 1354 libri
496 1309 622 1371 errore,
636 1298 673 1355 ut
694 1291 728 1354 in
751 1291 888 1355 carmine
909 1298 1028 1376 poetae
1049 1292 1163 1356 incerti

160 1401 228 1480 XII,
251 1402 315 1466 145
337 1395 457 1477 κάλλος
471 1401 519 1465 ἐνὶ
531 1400 688 1486 χθονίοις
708 1394 773 1481 ἡδύ
786 1423 822 1466 τε
844 1399 922 1488 (leg.
936 1403 982 1481 τι)
1004 1396 1162 1466 κάθανοί-

161 1535 237 1591 τοις,
259 1522 292 1578 et
313 1511 398 1599 apud
419 1512 540 1577 Persen
560 1511 615 1590 IX,
635 1511 701 1576 334
724 1507 767 1588 ὡς
784 1505 838 1576 ὅτε
859 1509 937 1599 (leg.
957 1505 1037 1592 ὅτι)
1059 1511 1163 1597 δημο-

161 1627 263 1711 γίρων
285 1618 423 1690 δύναται
444 1616 529 1700 θεὸς
548 1618 645 1710 ἀνδρὶ
666 1626 802 1714 πενίστη
824 1622 1017 1711 δωρεῖσθαι,
1037 1616 1163 1688 τούτων

160 1730 269 1823 κύριός
290 1740 355 1821 είμι
381 1729 502 1820 Τίρων.
542 1733 740 1799 Postremum
761 1736 860 1799 totius
883 1735 1028 1799 carminis
1049 1755 1161 1799 vocem

160 1850 193 1910 in
215 1840 451 1934 καινοτρόπονς
478 1844 660 1910 mutandam
689 1845 839 1912 censebat
858 1844 1040 1911 Jacobsius.
1092 1845 1160 1911 Imo

160 1957 324 2022 disiunctis
352 1978 435 2042 quae
463 1955 544 2021 male
580 1955 769 2022 coaluerunt
800 1955 913 2022 litteris
946 1955 1161 2022 scribendum:

160 2061 245 2133 ἀλλὰ
255 2064 335 2154 μεθ’
347 2063 447 2155 ὅρκον
456 2066 564 2146 ζητεῖν
574 2068 642 2133 ἔστι
651 2059 756 2143 θεοὺς
770 2063 905 2133 δώδεκα.
919 2063 1017 2133 καίν’
1032 2070 1158 2155 ἐρίου.

159 2181 198 2242 Η.
223 2200 251 2244 ε.
279 2199 366 2242 nova
388 2187 421 2243 et
440 2181 521 2242 mira
545 2179 722 2243 sciscitatus
745 2199 794 2258 es,
820 2200 916 2265 quum
937 2177 1161 2266 interrogabas

160 2312 235 2354 num
255 2275 438 2354 iuramentis
460 2288 627 2354 mulierum
649 2287 730 2354 fides
748 2288 895 2354 habenda
910 2298 1004 2369 esset,
1025 2309 1094 2354 non
1109 2311 1162 2354 co-

159 2404 264 2489 gitans
284 2401 401 2466 frustra
423 2402 532 2487 quaeri
554 2399 634 2465 deos
656 2401 789 2486 periurii
811 2399 942 2467 ultores.
1001 2401 1075 2466 Τῶν
1095 2393 1160 2488 γὰρ

160 2507 343 2601 φιλούντων
366 2505 462 2600 ὅρκος
484 2507 543 2576 οὐκ
564 2512 765 2596 ίμποίνιμος.

455 2818 641 2870 PALhADAs
657 2818 717 2869 Pal.
729 2819 782 2886 lx,
802 2815 862 2870 175.

206 2931 421 3018 Καλλίμαχον
442 2931 540 2998 πωλῶ
561 2931 618 2997 καὶ
639 2932 830 3018 Πίνδαρον,
856 2927 914 3012 η’δὲ
935 2933 992 2997 καὶ
1014 2928 1117 3010 αὐτοῖς

245 3042 382 3120 πτώσεις
402 3045 631 3132 γραμματικῆς
652 3042 776 3110 πτῶσιν
797 3043 879 3128 ίχων
899 3043 1027 3122 πενίης·

202 3151 379 3242 Δωρόθεος
399 3150 463 3242 γὰρ
484 3148 567 3240 ἐμὴν
588 3155 756 3244 τροφίμην
776 3148 931 3234 σύνταξιν
952 3155 1072 3234 ίλνσεν,

245 3261 327 3332 ὥστε
347 3288 388 3350 με
409 3266 470 3330 τοῦ
489 3289 525 3332 τε
546 3271 632 3331 πιεῖν
654 3264 714 3331 τοῦ
734 3287 769 3330 τε
792 3271 913 3355 φαγεῖν
933 3261 1080 3352 ἀπορεῖν.

197 3371 302 3442 'Al-ld
324 3370 365 3443 σύ
385 3400 451 3463 μον
471 3371 657 3465 πρόστηθι,
678 3377 752 3460 θεῷ
773 3376 865 3468 φίλε,
885 3376 968 3463 μηὸί
990 3373 1025 3462 μ’
1047 3370 1144 3468 ἐάσῃς
1278 3451 1279 3456 1

246 3488 415 3574 συνδέσμῳ
435 3489 549 3568 πενίης
570 3481 629 3553 τὸν
650 3487 727 3572 βίον
749 3482 913 3568 ἐξανύσαι.
1214 3487 1215 3492 ’

155 3625 259 3688 Poeta
279 3623 501 3712 grammaticae
524 3631 556 3687 ct
570 3623 749 3703 Dorotheo‚
773 3625 825 3687 oui
845 3643 933 3687 suam
957 3620 1060 3687 adhuc
1081 3642 1159 3708 ope-

156 3757 222 3800 ram
245 3733 415 3812 addixerat,
437 3754 472 3798 se
494 3736 681 3798 renunciare
696 3734 782 3814 dicit,
803 3733 845 3798 ad
867 3733 964 3799 alium
986 3741 1156 3820 patronum

156 3849 353 3913 transiturus.
396 3846 490 3910 Hunc
513 3843 609 3909 alium
631 3866 723 3931 quem
745 3844 807 3909 sibi
829 3854 958 3932 exoptat
977 3853 1157 3932 patronum,

156 3979 223 4024 non
245 3957 400 4036 credibile
423 3967 473 4024 est
494 3966 623 4045 poetam
646 3953 840 4044 compellare
853 3955 961 4021 verbis
983 3956 1057 4041 θεῷ
1071 3956 1156 4048 φίλε,

156 4091 216 4156 pro
239 4073 352 4157 quibus
374 4079 462 4137 recte
483 4068 664 4136 Bramclrius
686 4072 788 4157 ipsum
811 4069 871 4132 viri
892 4088 1011 4133 nomen
1033 4066 1156 4133 deside-
