3028 4826
506 475 824 538 coolacsaosa
937 569 939 572 Ι
1082 451 1087 472 “
1113 480 1167 534 215

166 635 225 719 ptii
246 629 386 698 Observ.
409 632 477 695 crit.
500 653 531 717 p.
546 631 599 696 62.
644 632 692 696 Ex
713 630 827 696 Atticis
850 631 955 717 poetis
977 651 1074 693 unum
1097 631 1165 692 eius

164 746 211 807 rei
234 742 409 830 exemplum
424 740 576 808 habemus
591 741 675 829 apud
697 741 908 806 Archedicum
924 741 1083 805 Athenaei
1094 740 1166 817 Vll,

165 876 197 940 p.
220 856 286 919 292
309 879 335 920 e.
358 857 447 920 euius
470 852 608 919 deloco
631 853 694 920 dixi
716 855 842 944 Fragm.
866 851 959 920 Gom.
981 873 1085 940 graec.
1109 852 1166 931 IV,

167 987 238 1053 pag.
263 968 338 1032 436.

567 1057 765 1066 ..-.-.--....

448 1167 658 1250 moduinus
676 1196 734 1249 ao.
747 1198 801 1266 ix,
819 1193 880 1249 sao.

209 1307 286 1391 Κήν
299 1306 427 1404 πρύμνῃ
441 1312 565 1397 λαχέτω
579 1314 620 1397 μέ
636 1333 715 1377 ποτε
730 1305 847 1397 στιβὰς
861 1312 901 1376 αἴ
913 1306 953 1375 θ’
967 1306 1048 1397 ὑπὲρ
1063 1305 1165 1390 αὐτῆς

250 1418 391 1508 η’χεύσαι
411 1417 574 1512 ψακύὸων
595 1417 738 1510 τύμματι
760 1422 961 1513 ὃιφθερίδες,

209 1535 265 1599 καὶ
286 1534 351 1621 πῦρ
375 1538 411 1598 ἐκ
431 1528 584 1619 μολύκων
604 1533 814 1620 βεβιημένοι,
835 1528 858 1614 ἥ
880 1529 910 1599 τ’
928 1533 981 1599 ἐπὶ
1002 1525 1128 1598 τούτων

249 1639 370 1734 χύτρη,
392 1647 448 1711 καὶ
469 1639 577 1722 κενούς
597 1641 821 1734 πομφολύγων
842 1639 1001 1730 θόρυβος,

208 1757 264 1820 καί
285 1779 319 1820 κε
341 1753 481 1844 ῥοπῶντ’
500 1739 830 1842 ἑσίὸοιμιδιήκονον·
850 1753 908 1836 ἠδὲ
930 1751 1074 1844 τράπεζα

254 1869 334 1933 ἔστω
356 1891 415 1954 μοι
435 1861 650 1955 πρύτηοηός
670 1862 795 1956 ὕπερθε
818 1868 928 1944 σανίς·

209 1972 267 2056 δὸς
287 1973 370 2064 λάβε
391 1981 448 2045 καὶ
468 1973 662 2067 ψιθύρωμα
683 1973 722 2045 τὸ
740 1973 909 2045 ναυτικόν·
931 1975 994 2063 εἶχε
1015 1973 1094 2065 τύχη
1117 2004 1178 2055 τις.

167 2094 168 2097 ’
251 2085 366 2178 πρώην
385 2085 521 2170 τοιαύτη
542 2083 603 2157 τὸν
624 2086 813 2181 φιλόκοινον
835 2094 900 2175 ἐμέ.

165 2239 202 2301 ln
223 2237 272 2301 his
295 2235 391 2323 quum
418 2245 526 2302 cetera
547 2239 624 2302 satis
648 2236 794 2325 expedita
815 2239 894 2315 sint,
920 2259 1065 2324 magnam
1087 2237 1165 2302 deli-
1229 2305 1232 2310 ,

165 2348 299 2413 beraudi
322 2370 446 2413 eausam
462 2350 590 2414 tertium
606 2348 765 2414 distichon
781 2350 896 2412 criticis
910 2348 1069 2434 praebuit.
1103 2349 1165 2436 Ap-

165 2463 261 2545 posui
282 2458 389 2524 loeum
410 2469 446 2524 ut
468 2459 572 2525 editus
596 2459 857 2526 estedaeobsio.
891 2458 956 2524 Sed
979 2459 1065 2525 aliod
1088 2461 1165 2546 quid

167 2594 184 2634 a
213 2554 310 2658 poeta
338 2573 489 2659 scriptum
516 2571 629 2651 luisse,
657 2593 737 2636 eum,
758 2570 877 2636 codicis
904 2570 1001 2636 lectio
1025 2570 1166 2636 ostendit

166 2692 231 2746 tum
260 2685 294 2747 κέ
323 2683 480 2769 particula
507 2682 617 2762 docet,
644 2685 697 2747 vix
717 2683 792 2747 huic
819 2680 894 2746 loco
918 2691 1000 2769 apta.
1049 2684 1164 2769 Neque

167 2796 249 2858 enim
279 2792 319 2858 de
349 2814 389 2860 eo
418 2797 522 2883 agitur
550 2792 639 2881 quod
665 2792 738 2859 fieri
764 2797 868 2882 possit
888 2793 942 2859 vel
964 2792 1079 2874 soleat,
1107 2794 1164 2859 sed

167 2905 255 2990 quod
275 2905 385 2971 videre
406 2917 504 2993 poeta
525 2906 586 2971 sibi
609 2915 745 2993 exoptat
795 2906 905 2992 Itaque
926 2908 1027 2994 magis
1048 2906 1165 2992 proba-

167 3110 232 3152 rem
253 3089 309 3152 καὶ
331 3082 513 3176 ῥυπόωντα.
534 3087 683 3156 'Codicis
705 3087 801 3153 lectio
818 3097 867 3153 est
887 3090 944 3155 καὶ
965 3039 1004 3172 κύ
1018 3082 1163 3153 ύπτοντα

167 3199 315 3297 (odedi,
337 3201 371 3263 in
394 3221 455 3286 qua
477 3199 648 3288 aliquando
670 3201 727 3289 καὶ
748 3196 963 3287 ῥ’,ύπνοῦιτα
984 3198 1084 3265 latere
1105 3223 1164 3286 pu·
1187 3215 1196 3224 ‘

167 3309 280 3374 tabam.
317 3311 389 3375 Nec
409 3314 628 3399 κρεουγοῢντα
648 3315 791 3399 ineptum
814 3321 905 3391 esset,
928 3309 1015 3398 quod
1031 3311 1163 3376 verbum

167 3415 268 3487 tribus
296 3420 429 3508 syllabis
458 3423 565 3489 efferri
594 3427 737 3512 potuisse
764 3403 903 3489 tideturg
953 3425 1034 3488 Tum
1063 3421 1165 3508 ἰ’δοιμι

167 3531 377 3614 scribendum,
397 3555 458 3598 nec
478 3535 581 3601 hiatus
604 3546 677 3601 ante
690 3536 773 3600 hanc
784 3557 898 3601 vocem
913 3533 1163 3600 extimescendus

169 3655 225 3709 est.
275 3645 340 3708 Pro
368 3641 427 3726 ἠδέ
450 3644 520 3712 cod.
542 3646 638 3712 habet
659 3639 736 3728 ἤδη,
765 3645 852 3733 quod
879 3649 914 3711 in
941 3644 963 3728 ἡ
986 3647 1021 3712 δέ
1043 3654 1165 3710 mutan-

168 3756 250 3821 dum.
287 3756 437 3843 Denique
458 3778 518 3844 pro
540 3753 651 3846 πρώτη
673 3758 877 3823 scribendum
895 3767 943 3824 est
965 3751 1100 3847 στρωτή,
1123 3755 1164 3822 de

167 3890 232 3952 quo
255 3872 316 3935 iam
339 3867 415 3936 olim
438 3867 590 3935 admonui
611 3867 688 3950 Cor.
713 3872 780 3935 orit.
803 3893 833 3957 p.
858 3873 908 3935 19.
1096 3869 1097 3872 ’
