3026 4816
356 465 408 520 loa
621 456 882 520 Aouoofflo
906 460 1093 520 Clill'lCA.

444 615 501 679 Ν.
535 615 598 679 Per
612 623 717 680 totum
732 635 860 678 cannen
874 614 974 680 Amor
987 614 1139 700 loquitur,
1162 615 1249 701 quod
1264 638 1361 702 quum

355 728 416 792 viri
443 726 532 792 docti
560 746 627 790 uon
655 724 825 804 vidissent,
855 725 1036 792 Bnmckius
1064 728 1154 791 vsi
1181 747 1241 813 pro
1270 724 1362 814 ὑψοῖ

357 836 457 904 edidit
479 839 592 928 φησίν.
637 839 751 924 Neque
774 841 886 926 negari
913 847 1021 925 potest
1043 842 1120 925 quin
1140 834 1231 923 ὑψοῦ
1253 858 1363 902 corru-

356 959 445 1037 ptum
460 952 514 1025 sit;
530 948 588 1013 sed
604 947 733 1014 dicendi
742 949 875 1014 verbum
890 949 921 1013 h.
933 948 954 1013 l.
970 961 1077 1037 aptum
1088 950 1205 1015 frustra
1216 971 1361 1036 quaeras.

357 1060 567 1127 Scribeudum
589 1058 716 1125 videtur
743 1059 778 1140 έξ
806 1058 903 1127 οέκιιν
930 1063 1004 1128 υἱοῦ
1025 1055 1170 1146 Δάμιδος
1194 1058 1232 1128 οὐ
1260 1066 1361 1126 πέτα-

357 1195 428 1259 μαι.
473 1173 604 1238 Amatus
626 1193 707 1257 puer
729 1172 874 1237 Damidis
897 1172 982 1238 iilius
1006 1182 1088 1249 erat;
1117 1176 1220 1258 ipsum
1243 1194 1361 1237 nomen

359 1307 423 1372 quo
452 1287 555 1349 minus
577 1292 718 1369 poneret
744 1293 858 1370 poeta,
887 1283 1023 1349 fortasse
1044 1287 1193 1350 metricae
1219 1287 1362 1349 rationes

358 1397 519 1462 vetabant.
570 1394 608 1458 ld
637 1415 735 1481 saepe
756 1395 874 1460 factum
903 1418 921 1459 a
943 1399 1048 1482 poetis
1072 1397 1362 1484 epigrammatariis.

358 1509 418 1590 Ys.
433 1509 454 1573 3
476 1508 628 1573 revocavi
644 1504 715 1571 cod.
730 1505 904 1573 lectionem
918 1504 1029 1587 αὐτοῦ,
1050 1511 1084 1572 iu
1099 1507 1246 1571 conclavi
1261 1490 1363 1594 pueri.

358 1621 491 1685 Praeter
513 1620 734 1682 necessitatem
758 1628 965 1684 correxerunt
987 1613 1098 1684 αὐτόν.
1140 1619 1176 1683 Si
1198 1618 1275 1706 quid
1297 1641 1365 1684 mu-

360 1730 498 1809 tandum,
520 1715 626 1793 rualim
649 1738 703 1793 aut
717 1724 817 1808 αὐτὸς
839 1742 894 1796 aut
911 1730 1033 1821 φιλέων
1047 1750 1106 1816 pro
1123 1733 1233 1819 φιλέω.
1267 1733 1326 1795 Vs.
1342 1733 1364 1795 4

361 1845 481 1928 optime
502 1840 673 1907 Jacobsius
696 1836 742 1917 εἷς
756 1827 812 1906 Ιἑνὶ
833 1865 894 1930 pro
919 1843 1051 1909 ὃίσσενι.
1089 1840 1155 1906 Sed
1176 1840 1207 1908 δ’
1233 1846 1365 1908 retineri

360 1976 455 2041 posse
478 1964 564 2019 recte
587 1956 697 2018 statuit
719 1953 868 2019 Graefius
891 1952 932 2018 ad
954 1953 1094 2041 Meleag.
1116 1977 1149 2040 p.
1174 1956 1247 2019 150.

447 2068 490 2132 V.
533 2067 634 2132 Vs.l
666 2065 738 2131 cod.
761 2060 964 2156 τοξοφόρων.
1010 2065 1162 2131 Correxit
1181 2065 1364 2132 Jacobsius.

329 2169 332 2181 ¹
360 2181 424 2243 Pro
448 2171 541 2266 ἄριος
563 2179 676 2263 scripsi
698 2170 822 2262 ἄγριος.
859 2175 924 2241 Sed
945 2186 1088 2263 praestat
1102 2176 1238 2242 fortasse
1260 2172 1366 2263 ὥριος,

360 2300 397 2355 ut
417 2288 520 2355 voluit
541 2287 711 2354 Jacobsius
740 2291 775 2353 in
797 2289 892 2352 notis
941 2289 1039 2352 Vsl
1068 2288 1160 2378 Ψυχῇ
1187 2310 1249 2376 pro
1275 2283 1366 2375 ψυχὴ

359 2401 540 2467 Jacobsius.
586 2401 672 2466 Idem
696 2409 791 2479 reete,
814 2409 850 2464 ut
871 2397 1006 2478 videtur,
1028 2401 1084 2464 καὶ
1103 2397 1317 2486 Ἀντιγένους.

450 2515 507 2578 Vl.
541 2515 634 2578 Vs.l
661 2511 731 2578 eod.
755 2513 850 2598 ἔρωτι
870 2511 958 2574 κοιλω
973 2508 1051 2595 μίξη
1068 2507 1180 2576 καλόν.
1214 2511 1366 2578 Correxit

362 2626 541 2692 Salmasius.
582 2625 646 2689 Pro
670 2648 702 2689 τι
722 2624 858 2689 fortasse
879 2624 997 2687 rectius
1019 2623 1116 2687 luerit
1138 2619 1186 2702 τό,
1208 2634 1245 2689 ut
1266 2624 1368 2688 Amor

362 2749 461 2803 artem
483 2737 616 2824 pulchra
637 2735 779 2823 pulchris
801 2733 956 2821 iungendi
979 2738 1139 2798 invenisse
1162 2735 1292 2814 dicatur,
1313 2733 1369 2800 vel

361 2852 401 2928 τί,
425 2849 519 2936 quid
541 2847 751 2934 pulchrum
774 2848 828 2910 sit
849 2844 1020 2932 pulchro
1044 2849 1225 2911 miseere.
1265 2849 1323 2912 Vs.
1345 2848 1368 2911 2

362 2960 572 3049 probabiliter
600 2958 771 3030 Jacobsius
805 2953 887 3043 μήτε
916 2953 1049 3040 γανοῦτ’
1083 2963 1118 3022 έν
1146 2956 1214 3042 ἴσῳ.
1264 2959 1369 3023 Vs.3

363 3070 432 3139 οὐδ’
466 3067 611 3162 ἐλέφανέ
650 3070 764 3154 ἔβινον
792 3068 894 3152 λευκῷ
922 3070 1035 3152 μέλαν.
1093 3069 1183 3133 Haec
1209 3072 1283 3150 nisi·
1302 3069 1369 3134 alio

362 3184 461 3250 ruodo
485 3191 634 3268 corrupta
656 3190 738 3260 sunt,
760 3201 819 3267 pro
843 3180 948 3265 μέλαν
970 3184 1151 3245 necessario
1168 3181 1370 3246 scribendum

362 3293 484 3382 μέλαν’.
517 3296 631 3380 Neque
655 3295 738 3358 enim
760 3286 799 3358 τὸ
822 3293 937 3377 ἔβενον
960 3291 1085 3370 dicitur,
1109 3290 1166 3357 sed
1189 3303 1244 3358 aut
1261 3289 1282 3373 ἡ
1298 3295 1371 3376 ἔβε-

362 3433 420 3485 νος
448 3417 503 3473 aut
526 3406 543 3472 ὁ
567 3406 687 3490 ἔβενος,
710 3426 897 3491 quamquam
920 3407 1014 3469 etiam
1041 3404 1105 3468 hoc
1125 3426 1288 3491 perrarum
1311 3415 1369 3470 est.

362 3520 439 3584 Vid.
463 3521 504 3586 G.
526 3517 693 3582 Dindorlii
715 3517 812 3582 Thes.
834 3541 865 3582 v.
888 3517 1008 3600 ἔβενος.
1059 3515 1125 3581 Sed
1148 3516 1234 3583 aliud
1256 3516 1372 3582 suadet

365 3632 436 3697 cod.
458 3630 525 3696 Pal.
547 3630 651 3698 lectio
675 3629 775 3714 έβένω
798 3628 908 3694 λευκῶ.
959 3629 1070 3714 ltaque
1098 3632 1209 3694 nescio
1233 3651 1274 3692 an
1296 3633 1373 3694 scri-

363 3747 465 3831 pserit
487 3740 557 3808 οὐδ’
576 3737 722 3832 έλέφυνέ
742 3741 858 3826 ἐβένῳ·
880 3741 982 3823 λευκῷ
1003 3737 1111 3826 μέλαν’
1132 3734 1218 3805 ἀλλὰ
1241 3739 1372 3804 Κλέαν-

363 3858 444 3940 δρον
460 3895 500 3907 -
518 3856 611 3945 Quae
635 3856 811 3940 comparari
833 3862 969 3939 possunt
992 3876 1061 3918 cum
1084 3851 1252 3940 Meleagro
1275 3850 1373 3915 Auth.

363 3968 430 4033 Pal.
459 3968 635 4046 x11,165:
669 3959 877 4046 Λιυκοινθὴς
905 3965 1132 4049 Κλεόβουλος·
1162 3962 1180 4029 ὁ
1209 3961 1239 4029 δ’
1273 3960 1374 4029 ἀντία

364 4081 459 4145 τοῦδε
482 4081 652 4168 μελίχρους
674 4083 709 4162 (i.
731 4103 758 4144 e.
782 4079 899 4157 fuseuS,
921 4078 1038 4161 μέλας)
1059 4072 1226 4154 Σώπολις,
1248 4078 1280 4140 οἱ
1302 4074 1375 4141 δισ-
