3028 4826
524 465 843 528 conmortuus.
1132 469 1185 526 17³

227 617 260 687 ά.
283 617 342 688 ούκ
363 616 421 686 ἀπ’
440 619 532 707 ἐμεῦ,·
560 616 603 705 β.
625 614 672 705 μὴ
693 615 827 706 τρηχύς·
855 619 925 686 ἐπεὶ
952 613 1038 705 τάχα
1065 619 1122 687 καὶ
1143 614 1185 686 σύ

782 755 815 797 τι
835 726 936 822 πεύσῃ

269 840 467 932 τραχύτερον
487 837 615 930 πάτρης
630 877 671 894 -
684 853 779 932 χαῖρε
801 837 844 908 σύ
863 839 893 908 δ’
905 879 945 894 --
962 839 996 921 ἐξ
1010 838 1161 932 Ἐφέσου.

182 957 337 1042 Apertum
364 957 427 1020 iam
456 975 527 1020 esse
555 954 694 1020 arbitror
714 955 814 1020 verba
841 947 980 1041 λαμπροὶ
1006 953 1184 1044 θρεψαμέ-

181 1087 267 1134 νοισι
286 1061 391 1154 χάρις,
413 1068 448 1131 iu
470 1065 584 1153 quibus
598 1061 812 1154 θρεψάμενοι
832 1067 919 1130 cives
933 1063 1087 1129 Heracliti
1101 1073 1184 1144 sunt.

181 1181 305 1244 ironice
327 1176 412 1243 dicta
435 1199 519 1258 esse,
540 1177 637 1264 idque
660 1179 763 1264 ipsum
786 1187 835 1243 est
856 1175 945 1263 quod
966 1178 1025 1240 viri
1047 1178 1184 1243 animm

180 1301 244 1356 tam
265 1291 471 1355 vehementer
491 1297 609 1369 movet,
630 1297 667 1354 ut
687 1289 847 1376 hospitem
868 1285 981 1375 procul
1004 1286 1115 1352 abesse
1137 1290 1184 1354 iu·

180 1402 265 1467 beat.
309 1402 446 1466 Prorsus
474 1410 579 1466 autem
606 1399 649 1465 ad
674 1404 724 1467 rei
744 1403 910 1466 veritatem
938 1400 1002 1464 hoc
1029 1401 1073 1463 ita
1094 1400 1184 1465 insti-

181 1517 242 1580 tuit
263 1522 374 1601 pocta;
404 1521 531 1578 constat
560 1514 643 1578 enim
665 1511 858 1578 Heraclitum
887 1508 1058 1598 superbum
1084 1509 1183 1575 fuisse

181 1635 213 1690 et
235 1627 327 1690 irasci
348 1623 482 1690 facilem.
517 1626 630 1691 Tertio
651 1645 747 1690 versu
769 1622 845 1710 quid
869 1623 982 1689 dixerit
997 1631 1103 1710 poeta,
1126 1620 1184 1686 do-

180 1747 255 1803 cent
283 1739 401 1802 Timon
428 1734 649 1822 Sillographus
677 1734 763 1822 apud
791 1736 933 1824 Diogen.
954 1735 1059 1801 Lacrt.
1081 1734 1138 1811 IX,
1161 1735 1182 1798 o

181 1859 214 1914 et
236 1847 462 1915 Theudoridas
480 1847 575 1912 Anth.
594 1845 662 1913 Pal.
678 1847 751 1927 VIL
766 1849 839 1927 479,
862 1869 996 1934 quorum
1018 1845 1098 1913 alter
1119 1848 1183 1911 He-
1222 1905 1224 1918 ,

180 1957 325 2025 raclitum
352 1951 533 2039 κοκκυστὴν
561 1954 809 2044 ὀχλολοίδορον,
844 1956 924 2024 alter
952 1967 1056 2024 autem
1083 1959 1183 2024 θεῖον

178 2065 364 2150 ύλακτήτην
386 2065 492 2155 δῆμον
513 2065 596 2136 κύνα
619 2068 769 2159 appellat.
810 2070 922 2158 ltaque
943 2070 1099 2160 gloriatur
1119 2071 1184 2135 lle

179 2181 309 2247 raclitus
331 2185 545 2270 maximaeque
566 2183 628 2248 sibi
649 2181 738 2248 laudi
761 2181 862 2262 ducit,
888 2181 977 2269 quod
998 2185 1084 2247 cives
1105 2203 1182 2246 suos

179 2276 366 2380 insipientes
389 2296 541 2360 conviciis
563 2292 763 2381 prosciderit.
813 2295 980 2359 Pertinent
1000 2293 1062 2358 hue
1083 2293 1183 2358 Hera-

180 2403 247 2469 cliti
269 2404 354 2470 dicta
376 2405 462 2491 apud
483 2406 624 2493 Diogen
646 2406 751 2472 Laert.
766 2405 818 2483 lx,
840 2407 862 2470 2
882 2400 979 2494 ὕβριν
997 2398 1061 2493 χρὴ
1085 2404 1182 2489 σβεν-

178 2511 267 2582 νύειν
287 2517 417 2602 μᾶλλον
437 2510 460 2596 ἢ
481 2519 657 2604 πορκαιην,
684 2518 742 2583 καὶ
762 2509 936 2602 μάχεσθαι
953 2508 1018 2603 χρὴ
1039 2510 1100 2581 τὸν
1121 2517 1181 2596 δῆ-

178 2647 245 2713 μον
264 2624 345 2716 ὑπὲρ
366 2629 428 2693 τοῦ
449 2622 554 2712 νόμον
576 2622 658 2706 ὅκως
678 2625 758 2716 ὑπὲρ
780 2626 858 2716 (leg.
877 2621 1038 2715 ὅκωσπερ)
1060 2628 1182 2713 τείχεος

181 2732 489 2804 ...καθάπτεται
514 2739 581 2803 τῶν
599 2736 759 2829 Ἐφεσίων
786 2739 840 2804 ἐπὶ
867 2738 915 2823 τῷ
939 2731 1181 2827 τόνἙρμόδω-

179 2871 241 2939 ρον
267 2844 327 2915 τὸν
348 2853 481 2937 ἑταῖρον
503 2850 654 2934 ἐκβαλεῖν
675 2898 685 2917 .
771 2844 963 2936 ἀξιούμενος
989 2849 1024 2915 δὲ
1045 2850 1102 2916 καὶ
1122 2845 1181 2916 νό-

177 2985 261 3048 μους
282 2962 398 3028 θεῖναι
418 2959 565 3050 ὑπερεῖδε
587 2955 643 3027 διὰ
665 2953 704 3027 τὸ
724 2954 788 3042 ἤδη
810 2960 1038 3049 κεκρατῆσθαι
1058 2962 1098 3053 τῇ
1118 2984 1181 3027 τιο-

177 3072 263 3161 νηρᾷ
289 3072 439 3158 πολιτείᾳ
466 3066 528 3154 τὴν
555 3068 661 3143 πόλιν.
712 3071 780 3139 cfr.
809 3074 981 3139 Kustcrum
1007 3073 1112 3140 Praei.
1138 3073 1180 3138 ad

177 3183 339 3248 lamblich.
367 3184 410 3248 V.
438 3185 575 3274 Pythag.
604 3208 636 3272 p.
659 3186 701 3250 V.
751 3186 959 3251 Verissimum
992 3195 1098 3252 autem
1132 3195 1180 3252 est

178 3294 267 3381 quod
283 3304 458 3381 praecunte
472 3296 607 3362 Reiskio
621 3299 754 3385 reposui
768 3293 879 3364 ἀστῶν
892 3319 953 3384 pro
969 3296 1057 3364 edito
1070 3295 1179 3383 Ἀσίᾳ,

179 3409 231 3470 cui
253 3405 360 3472 nullus
387 3407 441 3471 hic
461 3406 551 3473 locus
574 3418 632 3474 est.
676 3409 726 3474 Ac
745 3407 930 3494 planissime
955 3409 1122 3476 confirmat
1141 3410 1180 3475 il-

178 3516 235 3583 lud
257 3517 325 3582 Pal.
354 3520 388 3583 in
417 3539 481 3605 quo
511 3529 561 3584 est
587 3539 693 3586 ασιωι.
742 3515 864 3586 Priora*
884 3518 938 3585 alii
959 3519 1053 3587 aliter
1075 3543 1180 3588 emen-

179 3628 257 3693 dare
291 3631 400 3694 conati
434 3639 517 3696 sunt.
572 3630 722 3698 Reiskius
756 3626 838 3714 κλοὶξ
870 3625 935 3722 γὰρ
964 3627 1178 3721 καινοτόμον.

177 3740 358 3806 Brunclrius
385 3734 449 3821 λὰξ
475 3734 541 3830 γὰρ
569 3735 630 3828 tyci
658 3746 788 3810 κοτέων.
838 3746 870 3810 J.
893 3744 935 3811 G.
964 3744 1178 3811 Schneiderus

177 3843 240 3931 λὰξ
266 3846 331 3938 γὰρ
360 3846 422 3939 ἐγώ
450 3857 589 3920 πατέων.
639 3854 722 3920 Mihi
748 3878 853 3944 neque
881 3849 963 3936 κλᾶξ
989 3878 1095 3944 neque
1116 3851 1179 3937 λὰξ

152 3962 250 4028 ’huic
270 3962 346 4029 loco
369 3972 491 4050 aptum,
515 3965 573 4030 sed
594 3970 701 4054 potius
722 3961 790 4049 ιιόιξ
810 3972 830 4035 i.
855 3990 882 4034 e.
904 3972 1005 4034 satis
1028 3977 1102 4049 est,
1129 3989 1178 4034 ne

175 4073 337 4141 verbum
365 4075 553 4163 amplius,
587 4079 789 4146 scribendum
817 4079 954 4146 videtur.
1003 4079 1046 4144 V.
1080 4101 1177 4168 supra
