3026 4816
446 474 707 536 annonario
731 475 916 537 CRITICA.
1133 482 1186 537 117

180 631 246 696 vol.
266 631 289 710 Ι,
311 632 386 710 847,
407 631 494 712 864)
517 633 747 710 auctoritatem,
770 639 914 696 veterum
935 628 1089 697 librorum
1110 652 1187 697 con-

181 764 294 809 sensus
315 741 413 807 fidem
428 742 513 806 facit.
549 743 632 807 Tum
646 736 893 831 κντογάστορυς
908 743 1064 831 Toupius.
1099 741 1184 810 Cod.

139 863 142 868 '
181 854 248 920 Pal.
271 848 467 941 κυάστοροις.
780 863 782 868 ’
864 895 871 923 ι

267 967 340 1031 XV.
377 966 435 1030 Vs.
460 967 478 1028 l
508 963 676 1052 legebatur
697 957 781 1043 ζωὸν
808 955 868 1029 τὸν
890 964 1066 1045 Μίκυθον,
1096 964 1185 1052 quod

181 1078 409 1163 ineptissimum
432 1084 480 1141 est
501 1079 673 1162 miramque
696 1076 928 1163 epigrammatis
949 1077 1185 1163 interpretatio-

179 1208 252 1252 nem
276 1190 389 1277 genuit
402 1186 575 1253 Welckeri
596 1187 638 1253 ad
659 1185 809 1253 Philostr.
825 1186 921 1275 Imag.
943 1210 973 1274 p.
989 1188 1064 1252 396.
1102 1181 1184 1253 Scri·

179 1302 230 1386 psi
253 1299 346 1383 ζῷον,
368 1301 389 1362 i.
412 1321 439 1364 e.
462 1301 632 1388 imaginem
653 1299 790 1384 Micythi
812 1299 937 1384 pictam.
978 1299 1056 1363 Non
1076 1301 1183 1364 vivum

180 1412 279 1499 Igitur
306 1419 406 1475 mater
433 1411 562 1475 Baccho
592 1407 721 1474 dedicat
748 1408 899 1489 filiolum,
927 1408 986 1474 sed
1013 1411 1183 1498 imaginem

179 1524 248 1587 eius
282 1520 356 1586 exili
385 1531 418 1586 et
445 1521 518 1586 rudi
546 1520 681 1586 artiIieio
716 1523 840 1607 pictam.
897 1519 966 1587 Cfr.
994 1521 1182 1589 Herodotus

178 1635 236 1712 IV,
258 1635 302 1699 88
331 1632 398 1716 ζῷα
418 1627 634 1721 γραψάμενος
661 1632 775 1697 πᾶσαν
801 1621 864 1713 τὴν
886 1630 989 1714 ζεῦξιν
1009 1635 1071 1700 τοῦ
1090 1634 1183 1701 Βοσ-

178 1739 284 1833 πόρου
306 1744 363 1808 κοιὶ
383 1744 523 1828 βασιλέα
544 1767 579 1808 τε
594 1746 734 1833 Δαρεῖον
752 1748 789 1810 ἐν
804 1743 959 1834 προεδρίῃ
973 1741 1166 1830 κατήμενον.

265 1856 353 1920 XVI.
391 1857 493 1921 Vsu
523 1854 650 1920 distinxi
678 1864 754 1942 post
771 1852 901 1942 Ἑρμῆς,
930 1865 966 1921 ut
992 1854 1040 1922 ἰ’δε
1063 1859 1105 1922 sit
1126 1858 1182 1921 im-

177 1969 338 2054 perativus
368 1975 401 2030 et
422 1967 616 2031 Mercurium
643 1977 740 2053 poeta
769 1975 933 2054 precetur,
960 1976 996 2033 ut
1017 1966 1181 2034 Micoalio-

177 2099 251 2143 nem
271 2077 419 2165 benignis
441 2076 544 2143 oculis
566 2077 729 2165 adspiciat
771 2079 819 2142 Ita
841 2077 923 2143 ideis
945 2076 1024 2142 dixit
1046 2079 1180 2143 Pancra-

178 2199 227 2255 tes
249 2189 344 2254 Anth.
367 2188 434 2254 Pal.
457 2189 519 2266 VI,
542 2191 606 2255 356
631 2187 713 2266 ἴδοις
735 2181 862 2255 ὤνασσε
884 2180 927 2254 τὰ
949 2187 1048 2269 τῆσδε
1071 2178 1107 2255 εὖ
1128 2194 1180 2255 τέ-

176 2322 248 2367 κνυ.
292 2302 351 2365 Vs.
371 2303 390 2365 4
414 2302 478 2367 αἰεὶ
500 2322 560 2387 pro
584 2303 654 2367 otto
674 2301 883 2365 Hermannus.

264 2413 345 2478 XXI.
384 2412 549 2478 Leonidae
571 2413 681 2478 tribuit
694 2410 865 2477 Planudes.
903 2408 970 2475 Pal.
991 2419 1107 2498 poetae
1122 2432 1179 2476 no-

154 2544 251 2590 men
272 2527 396 2590 omittit.
447 2524 524 2589 Sine
547 2526 687 2589 auctoris
709 2525 839 2588 nomine
865 2521 1022 2608 est.apud
1043 2524 1177 2589 Pausan.

36 2728 38 2732 Ι
175 2635 204 2714 1,
227 2656 258 2721 p.
282 2638 322 2700 31
348 2646 382 2700 et
402 2635 605 2701 Plutarchum
628 2637 670 2699 V.
693 2634 810 2720 Pyrrhi
832 2656 900 2721 cap.
923 2635 977 2698 26.

263 2747 361 2812 XXII.
402 2749 499 2813 Ver
528 2746 695 2836 legebatur
717 2741 858 2831 Ἅγνων.
910 2746 993 2809 Tum
1020 2741 1178 2829 βιαιομά-

172 2882 237 2945 χοις
263 2857 353 2923 Plan.
396 2853 594 2944 βιοιομάχος
615 2857 683 2922 Pal.
712 2856 800 2944 quod
825 2857 975 2945 probavit
994 2855 1176 2922 Jacobsius.

175 2970 334 3034 Accentus
357 2968 497 3034 indicare
518 2969 647 3035 videtur
668 2990 779 3033 verum
802 2989 871 3034 esse
893 2961 1103 3053 βιαιομᾶχοις.

263 3079 375 3144 XXIII.
412 3081 506 3145 Vs.l
530 3083 642 3144 mirum
666 3089 715 3146 est
738 3080 876 3147 editores
894 3079 1006 3144 tulisse
1027 3081 1177 3145 vitiosum

175 3188 251 3270 οἵδ’,
280 3190 368 3278 quod
395 3192 467 3256 αἵδε
496 3192 699 3258 scribendum
729 3202 805 3258 erat.
849 3193 952 3258 veo
980 3211 1047 3256 non
1069 3188 1178 3270 ξεστοὶ

174 3303 375 3369 scribendum
398 3324 468 3368 esse
492 3326 561 3369 cum
583 3304 650 3369 Pal.
672 3303 731 3369 sed
752 3302 876 3383 ξεσταί,
906 3312 941 3368 ut
962 3302 1050 3368 Plan.
1072 3302 1176 3383 habet,

175 3415 272 3480 docet
299 3436 434 3502 sequens
462 3417 658 3483 ποθέουσαι.
701 3417 760 3479 Vs.
782 3417 803 3480 3
832 3424 946 3480 notatu
974 3412 1105 3502 dignum
1128 3424 1176 3480 est

175 3526 366 3611 ὃεὸμῆσθαι
388 3527 428 3593 de
453 3527 549 3593 rebus
571 3530 766 3594 coacervatis
789 3525 914 3592 dictum.

262 3639 377 3704 XXIV.
411 3642 469 3704 Vs.
486 3642 504 3705 1
528 3635 688 3724 εὐκαμπὲς
709 3661 776 3705 non
790 3640 933 3726 potuisse
947 3636 1044 3702 scribi
1060 3659 1078 3700 a
1092 3638 1175 3702 Leo-

174 3747 250 3813 nida
271 3749 369 3816 hodie
397 3754 474 3816 satis
497 3759 630 3816 constat.
682 3751 882 3814 Hermannus
905 3749 1049 3815 tentabat
1069 3770 1175 3834 γνοιμ·
1252 3793 1254 3796 -

173 3855 258 3926 πτόν
279 3859 307 3926 τ’
328 3856 514 3952 ἄγκιστρον.
548 3865 657 3928 Possis
681 3864 774 3928 etiam
797 3856 969 3946 καμπύλον
990 3855 1174 3946 ἄγκιστρον,

174 3969 228 4035 vel
254 3970 414 4061 στρεπτόν
441 3973 471 4040 τ’
498 3957 751 4060 ἄγκιστρονόΙΙ.
782 3972 959 4038 Theaeteto
988 3970 1083 4036 Anth.
1106 3968 1172 4034 Pal.

177 4084 300 4162 v1‚27
324 4088 489 4174 στρεπτῶν
511 4085 539 4152 τ’
567 4084 749 4172 ἀγκίστρων
771 4084 944 4169 ὶχθυπαγῆ
965 4077 1124 4168 στόματα.
