<?xml version="1.0" encoding="UTF-8"?>
<!DOCTYPE html PUBLIC "-//W3C//DTD XHTML 1.0 Transitional//EN"
    "http://www.w3.org/TR/xhtml1/DTD/xhtml1-transitional.dtd">
<html xmlns="http://www.w3.org/1999/xhtml" xml:lang="en" lang="en">
 <head>
  <title>
</title>
<meta http-equiv="Content-Type" content="text/html;charset=utf-8" />
  <meta name='ocr-system' content='tesseract 3.04.00' />
  <meta name='ocr-capabilities' content='ocr_page ocr_carea ocr_par ocr_line ocrx_word'/>
</head>
<body>
  <div class='ocr_page' id='page_1' title='image "./delectuspoetaru00meingoog_0134.png"; bbox 0 0 3026 4816; ppageno 0'>
   <div class='ocr_carea' id='block_1_1' title="bbox 461 453 1201 553">
    <p class='ocr_par' dir='ltr' id='par_1_1' title="bbox 461 453 1201 553">
     <span class='ocr_line' id='line_1_1' title="bbox 461 453 1201 553; baseline -0.004 -37"><span class='ocrx_word' id='word_1_1' title='bbox 461 455 725 517; x_wconf 85' lang='lat' dir='ltr'>ADNOTATIO</span> <span class='ocrx_word' id='word_1_2' title='bbox 743 453 930 553; x_wconf 72' lang='lat' dir='ltr'>culmen.</span> <span class='ocrx_word' id='word_1_3' title='bbox 1149 457 1201 513; x_wconf 85' lang='grc'><strong>199</strong></span> 
     </span>
    </p>
   </div>
   <div class='ocr_carea' id='block_1_2' title="bbox 193 604 1202 2038">
    <p class='ocr_par' dir='ltr' id='par_1_2' title="bbox 193 604 1202 1054">
     <span class='ocr_line' id='line_1_2' title="bbox 283 604 1200 677; baseline -0.008 -1"><span class='ocrx_word' id='word_1_4' title='bbox 283 611 428 677; x_wconf 85' lang='lat' dir='ltr'>XXXIII.</span> <span class='ocrx_word' id='word_1_5' title='bbox 466 610 517 675; x_wconf 93' lang='lat' dir='ltr'>Ab</span> <span class='ocrx_word' id='word_1_6' title='bbox 540 609 610 675; x_wconf 91' lang='lat' dir='ltr'>aliis</span> <span class='ocrx_word' id='word_1_7' title='bbox 625 609 761 674; x_wconf 81' lang='lat' dir='ltr'>Archiae</span> <span class='ocrx_word' id='word_1_8' title='bbox 783 607 992 674; x_wconf 85' lang='lat' dir='ltr'>tribuebatur.</span> <span class='ocrx_word' id='word_1_9' title='bbox 1025 604 1110 672; x_wconf 88' lang='lat' dir='ltr'>Cod.</span> <span class='ocrx_word' id='word_1_10' title='bbox 1133 605 1200 671; x_wconf 88' lang='lat' dir='ltr'>Pal.</span> 
     </span>
     <span class='ocr_line' id='line_1_3' title="bbox 193 713 1202 806; baseline -0.007 -16"><span class='ocrx_word' id='word_1_11' title='bbox 193 717 446 803; x_wconf 81' lang='grc' dir='ltr'><em>Ἀσκληπιάδου,</em></span> <span class='ocrx_word' id='word_1_12' title='bbox 469 725 502 786; x_wconf 83' lang='grc' dir='ltr'>ολ</span> <span class='ocrx_word' id='word_1_13' title='bbox 517 721 551 786; x_wconf 82' lang='grc' dir='ltr'>δὲ</span> <span class='ocrx_word' id='word_1_14' title='bbox 563 716 706 806; x_wconf 83' lang='grc' dir='ltr'><strong><em>Ἀρχίου.</em></strong></span> <span class='ocrx_word' id='word_1_15' title='bbox 741 718 902 786; x_wconf 90' lang='lat' dir='ltr'>Planudes</span> <span class='ocrx_word' id='word_1_16' title='bbox 919 719 1049 785; x_wconf 89' lang='lat' dir='ltr'>nonnisi</span> <span class='ocrx_word' id='word_1_17' title='bbox 1060 713 1202 798; x_wconf 84' lang='grc' dir='ltr'><strong><em>Ἀσκλη-</em></strong></span> 
     </span>
     <span class='ocr_line' id='line_1_4' title="bbox 196 826 1200 920; baseline -0.008 -20"><span class='ocrx_word' id='word_1_18' title='bbox 196 830 327 900; x_wconf 79' lang='grc' dir='ltr'>πιάδου.</span> <span class='ocrx_word' id='word_1_19' title='bbox 371 834 466 898; x_wconf 76' lang='lat' dir='ltr'>Vsd</span> <span class='ocrx_word' id='word_1_20' title='bbox 494 826 662 920; x_wconf 80' lang='grc' dir='ltr'><strong><em>ἀκρεμόνα</em></strong></span> <span class='ocrx_word' id='word_1_21' title='bbox 683 841 771 898; x_wconf 87' lang='lat' dir='ltr'>recte</span> <span class='ocrx_word' id='word_1_22' title='bbox 793 831 865 898; x_wconf 91' lang='lat' dir='ltr'>cod.</span> <span class='ocrx_word' id='word_1_23' title='bbox 888 830 1000 919; x_wconf 82' lang='lat' dir='ltr'>Vulgo</span> <span class='ocrx_word' id='word_1_24' title='bbox 1024 826 1200 917; x_wconf 80' lang='grc' dir='ltr'><strong><em>ἀκρέμονοι.</em></strong></span> 
     </span>
     <span class='ocr_line' id='line_1_5' title="bbox 196 943 979 1054; baseline -0.008 -43"><span class='ocrx_word' id='word_1_25' title='bbox 196 947 238 1012; x_wconf 83' lang='lat' dir='ltr'>V.</span> <span class='ocrx_word' id='word_1_26' title='bbox 261 943 377 1011; x_wconf 89' lang='lat' dir='ltr'>Arcad.</span> <span class='ocrx_word' id='word_1_27' title='bbox 400 967 432 1030; x_wconf 92' lang='lat' dir='ltr'>p.</span> <span class='ocrx_word' id='word_1_28' title='bbox 458 946 515 1022; x_wconf 92' lang='grc'>14,</span> <span class='ocrx_word' id='word_1_29' title='bbox 536 945 567 1008; x_wconf 90' lang='grc'>2.</span> <span class='ocrx_word' id='word_1_30' title='bbox 962 1009 979 1054; x_wconf 57' lang='grc' dir='ltr'><strong><em>η</em></strong></span> 
     </span>
    </p>

    <p class='ocr_par' dir='ltr' id='par_1_3' title="bbox 196 1045 1201 2038">
     <span class='ocr_line' id='line_1_6' title="bbox 283 1045 1199 1122; baseline -0.005 -1"><span class='ocrx_word' id='word_1_31' title='bbox 283 1056 429 1122; x_wconf 88' lang='lat' dir='ltr'>XXXVI.</span> <span class='ocrx_word' id='word_1_32' title='bbox 473 1056 531 1120; x_wconf 89' lang='lat' dir='ltr'>Vs.</span> <span class='ocrx_word' id='word_1_33' title='bbox 557 1057 574 1120; x_wconf 95' lang='lat' dir='ltr'>l</span> <span class='ocrx_word' id='word_1_34' title='bbox 612 1053 682 1119; x_wconf 88' lang='lat' dir='ltr'>cod.</span> <span class='ocrx_word' id='word_1_35' title='bbox 720 1059 747 1120; x_wconf 83' lang='lat' dir='ltr'>ei</span> <span class='ocrx_word' id='word_1_36' title='bbox 774 1078 808 1120; x_wconf 85' lang='grc' dir='ltr'>τι</span> <span class='ocrx_word' id='word_1_37' title='bbox 834 1048 938 1121; x_wconf 80' lang='grc' dir='ltr'><strong><em>κακὸν</em></strong></span> <span class='ocrx_word' id='word_1_38' title='bbox 966 1058 1015 1119; x_wconf 78' lang='lat' dir='ltr'>sic</span> <span class='ocrx_word' id='word_1_39' title='bbox 1047 1045 1199 1118; x_wconf 78' lang='grc' dir='ltr'><strong><em>ἄκουσον.</em></strong></span> 
     </span>
     <span class='ocr_line' id='line_1_7' title="bbox 197 1157 1200 1258; baseline -0.006 -24"><span class='ocrx_word' id='word_1_40' title='bbox 197 1168 309 1258; x_wconf 79' lang='lat' dir='ltr'>Vulgo</span> <span class='ocrx_word' id='word_1_41' title='bbox 333 1191 371 1234; x_wconf 87' lang='lat' dir='ltr'>ex</span> <span class='ocrx_word' id='word_1_42' title='bbox 387 1165 532 1234; x_wconf 87' lang='lat' dir='ltr'>salmasii</span> <span class='ocrx_word' id='word_1_43' title='bbox 555 1169 739 1232; x_wconf 88' lang='lat' dir='ltr'>coniectura</span> <span class='ocrx_word' id='word_1_44' title='bbox 760 1164 841 1232; x_wconf 77' lang='grc' dir='ltr'><strong><em>εἴτι</em></strong></span> <span class='ocrx_word' id='word_1_45' title='bbox 858 1157 985 1251; x_wconf 81' lang='grc' dir='ltr'><strong><em>χαρτὸν</em></strong></span> <span class='ocrx_word' id='word_1_46' title='bbox 999 1158 1200 1230; x_wconf 78' lang='grc' dir='ltr'><strong><em>εἰσάκουσον.</em></strong></span> 
     </span>
     <span class='ocr_line' id='line_1_8' title="bbox 199 1269 1201 1369; baseline -0.01 -21"><span class='ocrx_word' id='word_1_47' title='bbox 199 1282 331 1369; x_wconf 87' lang='lat' dir='ltr'><strong>Optime</strong></span> <span class='ocrx_word' id='word_1_48' title='bbox 344 1279 516 1344; x_wconf 87' lang='lat' dir='ltr'>Jacobsius</span> <span class='ocrx_word' id='word_1_49' title='bbox 539 1275 569 1343; x_wconf 82' lang='lat' dir='ltr'>el</span> <span class='ocrx_word' id='word_1_50' title='bbox 587 1301 620 1343; x_wconf 86' lang='grc' dir='ltr'>τι</span> <span class='ocrx_word' id='word_1_51' title='bbox 640 1280 698 1344; x_wconf 85' lang='grc' dir='ltr'>καὶ</span> <span class='ocrx_word' id='word_1_52' title='bbox 719 1283 825 1354; x_wconf 84' lang='grc' dir='ltr'><strong><em>κονεῖς</em></strong></span> <span class='ocrx_word' id='word_1_53' title='bbox 838 1269 991 1342; x_wconf 78' lang='grc' dir='ltr'><strong><em>ἄκουσον.</em></strong></span> <span class='ocrx_word' id='word_1_54' title='bbox 1025 1273 1090 1340; x_wconf 86' lang='lat' dir='ltr'>Sed</span> <span class='ocrx_word' id='word_1_55' title='bbox 1105 1297 1201 1360; x_wconf 91' lang='lat' dir='ltr'>quum</span> 
     </span>
     <span class='ocr_line' id='line_1_9' title="bbox 197 1384 1200 1481; baseline -0.009 -23"><span class='ocrx_word' id='word_1_56' title='bbox 197 1392 331 1481; x_wconf 83' lang='lat' dir='ltr'>simplex</span> <span class='ocrx_word' id='word_1_57' title='bbox 344 1397 452 1458; x_wconf 82' lang='grc' dir='ltr'><strong><em>κονεῖν</em></strong></span> <span class='ocrx_word' id='word_1_58' title='bbox 466 1391 528 1453; x_wconf 94' lang='lat' dir='ltr'>nisi</span> <span class='ocrx_word' id='word_1_59' title='bbox 547 1410 585 1453; x_wconf 86' lang='lat' dir='ltr'>ex</span> <span class='ocrx_word' id='word_1_60' title='bbox 599 1391 812 1478; x_wconf 82' lang='lat' dir='ltr'>grammaticis</span> <span class='ocrx_word' id='word_1_61' title='bbox 825 1410 892 1454; x_wconf 92' lang='lat' dir='ltr'>non</span> <span class='ocrx_word' id='word_1_62' title='bbox 907 1388 1089 1466; x_wconf 82' lang='lat' dir='ltr'>innotuerit,</span> <span class='ocrx_word' id='word_1_63' title='bbox 1104 1384 1200 1450; x_wconf 86' lang='lat' dir='ltr'>malui</span> 
     </span>
     <span class='ocr_line' id='line_1_10' title="bbox 196 1498 1200 1589; baseline -0.006 -20"><span class='ocrx_word' id='word_1_64' title='bbox 196 1502 375 1589; x_wconf 75' lang='grc' dir='ltr'><strong><em>κάγκονεῒς.</em></strong></span> <span class='ocrx_word' id='word_1_65' title='bbox 410 1500 562 1567; x_wconf 89' lang='lat' dir='ltr'>Ceterum</span> <span class='ocrx_word' id='word_1_66' title='bbox 585 1511 659 1588; x_wconf 88' lang='lat' dir='ltr'>apte</span> <span class='ocrx_word' id='word_1_67' title='bbox 683 1522 847 1588; x_wconf 90' lang='lat' dir='ltr'>compares</span> <span class='ocrx_word' id='word_1_68' title='bbox 865 1502 977 1565; x_wconf 92' lang='lat' dir='ltr'>Horat.</span> <span class='ocrx_word' id='word_1_69' title='bbox 994 1520 1086 1563; x_wconf 90' lang='lat' dir='ltr'>carm.</span> <span class='ocrx_word' id='word_1_70' title='bbox 1110 1498 1133 1576; x_wconf 94' lang='lat'>1,</span> <span class='ocrx_word' id='word_1_71' title='bbox 1147 1499 1200 1577; x_wconf 82' lang='grc'>28,</span> 
     </span>
     <span class='ocr_line' id='line_1_11' title="bbox 197 1608 1199 1702; baseline -0.008 -20"><span class='ocrx_word' id='word_1_72' title='bbox 197 1618 241 1682; x_wconf 84' lang='grc'>35</span> <span class='ocrx_word' id='word_1_73' title='bbox 270 1635 497 1702; x_wconf 89' lang='lat' dir='ltr'>quamquam</span> <span class='ocrx_word' id='word_1_74' title='bbox 526 1613 714 1693; x_wconf 87' lang='lat' dir='ltr'>festinas,</span> <span class='ocrx_word' id='word_1_75' title='bbox 742 1633 823 1678; x_wconf 90' lang='lat' dir='ltr'>non</span> <span class='ocrx_word' id='word_1_76' title='bbox 852 1622 913 1678; x_wconf 88' lang='lat' dir='ltr'>ost</span> <span class='ocrx_word' id='word_1_77' title='bbox 933 1613 1041 1677; x_wconf 80' lang='lat' dir='ltr'>mor&#39;a</span> <span class='ocrx_word' id='word_1_78' title='bbox 1067 1608 1199 1698; x_wconf 83' lang='lat' dir='ltr'>longa.</span> 
     </span>
     <span class='ocr_line' id='line_1_12' title="bbox 198 1723 1200 1813; baseline -0.006 -22"><span class='ocrx_word' id='word_1_79' title='bbox 198 1729 256 1792; x_wconf 85' lang='lat' dir='ltr'>Vs.</span> <span class='ocrx_word' id='word_1_80' title='bbox 279 1729 310 1792; x_wconf 88' lang='grc'>3.</span> <span class='ocrx_word' id='word_1_81' title='bbox 339 1730 374 1790; x_wconf 78' lang='grc' dir='ltr'>ἐκ</span> <span class='ocrx_word' id='word_1_82' title='bbox 400 1728 483 1790; x_wconf 83' lang='grc' dir='ltr'><strong><em>νέων</em></strong></span> <span class='ocrx_word' id='word_1_83' title='bbox 511 1724 668 1811; x_wconf 81' lang='lat' dir='ltr'>siquando</span> <span class='ocrx_word' id='word_1_84' title='bbox 697 1723 817 1813; x_wconf 84' lang='lat' dir='ltr'>legitur</span> <span class='ocrx_word' id='word_1_85' title='bbox 845 1723 1005 1811; x_wconf 81' lang='lat' dir='ltr'>significat</span> <span class='ocrx_word' id='word_1_86' title='bbox 1030 1744 1048 1785; x_wconf 94' lang='lat' dir='ltr'>a</span> <span class='ocrx_word' id='word_1_87' title='bbox 1076 1724 1200 1808; x_wconf 90' lang='lat' dir='ltr'>prima</span> 
     </span>
     <span class='ocr_line' id='line_1_13' title="bbox 198 1834 1200 1923; baseline -0.004 -21"><span class='ocrx_word' id='word_1_88' title='bbox 198 1836 496 1915; x_wconf 88' lang='lat' dir='ltr'>adolescentia,</span> <span class='ocrx_word' id='word_1_89' title='bbox 518 1846 555 1901; x_wconf 85' lang='lat' dir='ltr'>ut</span> <span class='ocrx_word' id='word_1_90' title='bbox 577 1836 663 1923; x_wconf 89' lang='lat' dir='ltr'>apud</span> <span class='ocrx_word' id='word_1_91' title='bbox 684 1836 809 1901; x_wconf 92' lang='lat' dir='ltr'>Platon.</span> <span class='ocrx_word' id='word_1_92' title='bbox 831 1834 969 1922; x_wconf 86' lang='lat' dir='ltr'>Republ.</span> <span class='ocrx_word' id='word_1_93' title='bbox 992 1835 1029 1912; x_wconf 87' lang='grc' dir='ltr'>ΙΙ,</span> <span class='ocrx_word' id='word_1_94' title='bbox 1050 1857 1081 1920; x_wconf 94' lang='lat' dir='ltr'>p.</span> <span class='ocrx_word' id='word_1_95' title='bbox 1097 1835 1161 1900; x_wconf 81' lang='lat'>367</span> <span class='ocrx_word' id='word_1_96' title='bbox 1178 1857 1200 1898; x_wconf 89' lang='lat' dir='ltr'>u</span> 
     </span>
     <span class='ocr_line' id='line_1_14' title="bbox 198 1939 1200 2038; baseline -0.005 -24"><span class='ocrx_word' id='word_1_97' title='bbox 198 1954 226 2014; x_wconf 83' lang='lat' dir='ltr'>ei</span> <span class='ocrx_word' id='word_1_98' title='bbox 247 1941 312 2038; x_wconf 73' lang='grc' dir='ltr'>γὰρ</span> <span class='ocrx_word' id='word_1_99' title='bbox 335 1943 438 2024; x_wconf 82' lang='grc' dir='ltr'><strong><em>οὕτως</em></strong></span> <span class='ocrx_word' id='word_1_100' title='bbox 460 1949 586 2033; x_wconf 77' lang='grc' dir='ltr'><strong><em>ἐλέγετο</em></strong></span> <span class='ocrx_word' id='word_1_101' title='bbox 609 1945 644 2027; x_wconf 75' lang='grc' dir='ltr'>ἐξ</span> <span class='ocrx_word' id='word_1_102' title='bbox 666 1944 770 2034; x_wconf 82' lang='grc' dir='ltr'><em>ἀρχῆς</em></span> <span class='ocrx_word' id='word_1_103' title='bbox 793 1941 856 2012; x_wconf 79' lang='grc' dir='ltr'>ὑπὸ</span> <span class='ocrx_word' id='word_1_104' title='bbox 878 1939 1011 2011; x_wconf 80' lang='grc' dir='ltr'><strong><em>πάντων</em></strong></span> <span class='ocrx_word' id='word_1_105' title='bbox 1032 1943 1123 2030; x_wconf 81' lang='grc' dir='ltr'><strong><em>ὑμῶν</em></strong></span> <span class='ocrx_word' id='word_1_106' title='bbox 1144 1946 1200 2010; x_wconf 81' lang='grc' dir='ltr'>καὶ</span> 
     </span>
    </p>
   </div>
   <div class='ocr_carea' id='block_1_3' title="bbox 198 2052 1339 2147">
    <p class='ocr_par' dir='ltr' id='par_1_4' title="bbox 198 2052 1339 2147">
     <span class='ocr_line' id='line_1_15' title="bbox 198 2052 1339 2147; baseline -0.002 -23"><span class='ocrx_word' id='word_1_107' title='bbox 198 2065 234 2124; x_wconf 77' lang='grc' dir='ltr'>ἐκ</span> <span class='ocrx_word' id='word_1_108' title='bbox 254 2061 337 2126; x_wconf 80' lang='grc' dir='ltr'><strong><em>νέων</em></strong></span> <span class='ocrx_word' id='word_1_109' title='bbox 357 2056 446 2144; x_wconf 80' lang='grc' dir='ltr'><strong><em>ἡμᾶς</em></strong></span> <span class='ocrx_word' id='word_1_110' title='bbox 467 2059 625 2139; x_wconf 77' lang='grc' dir='ltr'><strong><em>ἐπείθετε,</em></strong></span> <span class='ocrx_word' id='word_1_111' title='bbox 648 2055 706 2125; x_wconf 81' lang='grc' dir='ltr'>οὐκ</span> <span class='ocrx_word' id='word_1_112' title='bbox 728 2053 771 2125; x_wconf 76' lang='grc' dir='ltr'>ἂν</span> <span class='ocrx_word' id='word_1_113' title='bbox 792 2053 954 2137; x_wconf 81' lang='grc' dir='ltr'><strong><em>ἀλλήλους</em></strong></span> <span class='ocrx_word' id='word_1_114' title='bbox 975 2052 1200 2147; x_wconf 77' lang='grc' dir='ltr'><strong><em>ἐφυλάττομεν</em></strong></span> <span class='ocrx_word' id='word_1_115' title='bbox 1337 2105 1339 2110; x_wconf 88' lang='grc'>-</span> 
     </span>
    </p>
   </div>
   <div class='ocr_carea' id='block_1_4' title="bbox 107 2162 1282 4029">
    <p class='ocr_par' dir='ltr' id='par_1_5' title="bbox 107 2162 1282 4029">
     <span class='ocr_line' id='line_1_16' title="bbox 197 2162 1200 2255; baseline -0.005 -18"><span class='ocrx_word' id='word_1_116' title='bbox 197 2165 244 2255; x_wconf 78' lang='grc' dir='ltr'>μὴ</span> <span class='ocrx_word' id='word_1_117' title='bbox 266 2167 399 2236; x_wconf 83' lang='grc' dir='ltr'>ἀδικεῖν.</span> <span class='ocrx_word' id='word_1_118' title='bbox 432 2172 555 2236; x_wconf 91' lang='lat' dir='ltr'>Nostro</span> <span class='ocrx_word' id='word_1_119' title='bbox 578 2181 684 2236; x_wconf 90' lang='lat' dir='ltr'>autem</span> <span class='ocrx_word' id='word_1_120' title='bbox 706 2169 781 2234; x_wconf 93' lang='lat' dir='ltr'>loco</span> <span class='ocrx_word' id='word_1_121' title='bbox 804 2162 863 2234; x_wconf 83' lang='grc' dir='ltr'>τὸν</span> <span class='ocrx_word' id='word_1_122' title='bbox 877 2173 913 2232; x_wconf 78' lang='grc' dir='ltr'>ἐκ</span> <span class='ocrx_word' id='word_1_123' title='bbox 927 2170 1009 2233; x_wconf 80' lang='grc' dir='ltr'><strong><em>νέων</em></strong></span> <span class='ocrx_word' id='word_1_124' title='bbox 1022 2167 1200 2232; x_wconf 86' lang='lat' dir='ltr'>insolenter</span> 
     </span>
     <span class='ocr_line' id='line_1_17' title="bbox 199 2272 1198 2369; baseline -0.006 -20"><span class='ocrx_word' id='word_1_125' title='bbox 199 2282 317 2349; x_wconf 88' lang='lat' dir='ltr'>dictum</span> <span class='ocrx_word' id='word_1_126' title='bbox 346 2290 394 2348; x_wconf 93' lang='lat' dir='ltr'>est</span> <span class='ocrx_word' id='word_1_127' title='bbox 422 2281 463 2348; x_wconf 91' lang='lat' dir='ltr'>de</span> <span class='ocrx_word' id='word_1_128' title='bbox 492 2280 736 2348; x_wconf 88' lang='lat' dir='ltr'>adolescentulo</span> <span class='ocrx_word' id='word_1_129' title='bbox 771 2302 832 2369; x_wconf 93' lang='lat' dir='ltr'>pro</span> <span class='ocrx_word' id='word_1_130' title='bbox 862 2279 998 2367; x_wconf 88' lang='lat' dir='ltr'>simplici</span> <span class='ocrx_word' id='word_1_131' title='bbox 1026 2272 1086 2346; x_wconf 84' lang='grc' dir='ltr'>τὸν</span> <span class='ocrx_word' id='word_1_132' title='bbox 1114 2282 1198 2345; x_wconf 83' lang='grc' dir='ltr'><strong><em>νέον.</em></strong></span> 
     </span>
     <span class='ocr_line' id='line_1_18' title="bbox 196 2390 1200 2479; baseline -0.004 -20"><span class='ocrx_word' id='word_1_133' title='bbox 196 2395 367 2460; x_wconf 86' lang='lat' dir='ltr'>Diversum</span> <span class='ocrx_word' id='word_1_134' title='bbox 390 2396 473 2458; x_wconf 91' lang='lat' dir='ltr'>enim</span> <span class='ocrx_word' id='word_1_135' title='bbox 497 2403 545 2458; x_wconf 89' lang='lat' dir='ltr'>est</span> <span class='ocrx_word' id='word_1_136' title='bbox 567 2393 655 2479; x_wconf 93' lang='lat' dir='ltr'>quod</span> <span class='ocrx_word' id='word_1_137' title='bbox 676 2394 845 2459; x_wconf 86' lang='lat' dir='ltr'>Jacobsius</span> <span class='ocrx_word' id='word_1_138' title='bbox 866 2390 940 2457; x_wconf 86' lang='lat' dir='ltr'>Del.</span> <span class='ocrx_word' id='word_1_139' title='bbox 966 2415 997 2477; x_wconf 86' lang='lat' dir='ltr'>p.</span> <span class='ocrx_word' id='word_1_140' title='bbox 1020 2393 1082 2457; x_wconf 85' lang='grc'>311</span> <span class='ocrx_word' id='word_1_141' title='bbox 1116 2413 1200 2457; x_wconf 89' lang='lat' dir='ltr'>com-</span> 
     </span>
     <span class='ocr_line' id='line_1_19' title="bbox 197 2499 1282 2594; baseline -0.004 -22"><span class='ocrx_word' id='word_1_142' title='bbox 197 2516 290 2594; x_wconf 86' lang='lat' dir='ltr'>parat</span> <span class='ocrx_word' id='word_1_143' title='bbox 316 2499 393 2582; x_wconf 78' lang='grc' dir='ltr'><strong><em>τοὺς</em></strong></span> <span class='ocrx_word' id='word_1_144' title='bbox 420 2510 455 2569; x_wconf 82' lang='grc' dir='ltr'>ἐκ</span> <span class='ocrx_word' id='word_1_145' title='bbox 482 2507 548 2571; x_wconf 82' lang='grc' dir='ltr'>τῶν</span> <span class='ocrx_word' id='word_1_146' title='bbox 575 2505 727 2590; x_wconf 81' lang='grc' dir='ltr'><strong><em>πολέμων</em></strong></span> <span class='ocrx_word' id='word_1_147' title='bbox 754 2507 907 2570; x_wconf 77' lang='grc' dir='ltr'><strong><em>ἔθαπτον</em></strong></span> <span class='ocrx_word' id='word_1_148' title='bbox 935 2502 1021 2590; x_wconf 91' lang='lat' dir='ltr'>apud</span> <span class='ocrx_word' id='word_1_149' title='bbox 1050 2503 1198 2590; x_wconf 84' lang='lat' dir='ltr'>Thucyd.</span> <span class='ocrx_word' id='word_1_150' title='bbox 1280 2527 1282 2532; x_wconf 89' lang='lat'>·</span> 
     </span>
     <span class='ocr_line' id='line_1_20' title="bbox 198 2613 1199 2704; baseline -0.004 -20"><span class='ocrx_word' id='word_1_151' title='bbox 198 2617 236 2697; x_wconf 83' lang='lat' dir='ltr'>IL</span> <span class='ocrx_word' id='word_1_152' title='bbox 257 2620 310 2684; x_wconf 88' lang='grc'>34.</span> <span class='ocrx_word' id='word_1_153' title='bbox 349 2617 420 2682; x_wconf 91' lang='lat' dir='ltr'>Nec</span> <span class='ocrx_word' id='word_1_154' title='bbox 443 2616 612 2704; x_wconf 89' lang='lat' dir='ltr'>quidquam</span> <span class='ocrx_word' id='word_1_155' title='bbox 633 2620 744 2682; x_wconf 86' lang='lat' dir='ltr'>iuvant</span> <span class='ocrx_word' id='word_1_156' title='bbox 766 2615 908 2702; x_wconf 86' lang='lat' dir='ltr'>exempla</span> <span class='ocrx_word' id='word_1_157' title='bbox 930 2613 1014 2702; x_wconf 91' lang='lat' dir='ltr'>apud</span> <span class='ocrx_word' id='word_1_158' title='bbox 1030 2614 1199 2680; x_wconf 81' lang='lat' dir='ltr'>Heindorf.</span> 
     </span>
     <span class='ocr_line' id='line_1_21' title="bbox 199 2727 1199 2816; baseline -0.003 -22"><span class='ocrx_word' id='word_1_159' title='bbox 199 2728 240 2794; x_wconf 92' lang='lat' dir='ltr'>ad</span> <span class='ocrx_word' id='word_1_160' title='bbox 260 2727 387 2794; x_wconf 87' lang='lat' dir='ltr'>Platon.</span> <span class='ocrx_word' id='word_1_161' title='bbox 409 2728 494 2794; x_wconf 88' lang='lat' dir='ltr'>Dial.</span> <span class='ocrx_word' id='word_1_162' title='bbox 518 2728 574 2794; x_wconf 88' lang='lat' dir='ltr'>sel.</span> <span class='ocrx_word' id='word_1_163' title='bbox 597 2730 653 2807; x_wconf 90' lang='lat' dir='ltr'>IV,</span> <span class='ocrx_word' id='word_1_164' title='bbox 682 2752 712 2815; x_wconf 93' lang='lat' dir='ltr'>p.</span> <span class='ocrx_word' id='word_1_165' title='bbox 736 2729 787 2794; x_wconf 88' lang='grc'>92.</span> <span class='ocrx_word' id='word_1_166' title='bbox 838 2727 873 2792; x_wconf 91' lang='lat' dir='ltr'>Si</span> <span class='ocrx_word' id='word_1_167' title='bbox 894 2729 1020 2816; x_wconf 81' lang='lat' dir='ltr'>integra</span> <span class='ocrx_word' id='word_1_168' title='bbox 1043 2737 1092 2793; x_wconf 89' lang='lat' dir='ltr'>est</span> <span class='ocrx_word' id='word_1_169' title='bbox 1115 2727 1199 2792; x_wconf 91' lang='lat' dir='ltr'>edita</span> 
     </span>
     <span class='ocr_line' id='line_1_22' title="bbox 197 2838 1197 2929; baseline 0 -25"><span class='ocrx_word' id='word_1_170' title='bbox 197 2840 304 2920; x_wconf 87' lang='lat' dir='ltr'>lectio,</span> <span class='ocrx_word' id='word_1_171' title='bbox 327 2840 573 2929; x_wconf 89' lang='lat' dir='ltr'>comparandum</span> <span class='ocrx_word' id='word_1_172' title='bbox 589 2839 676 2927; x_wconf 90' lang='lat' dir='ltr'>quod</span> <span class='ocrx_word' id='word_1_173' title='bbox 692 2838 903 2905; x_wconf 84' lang='lat' dir='ltr'>Callimachus</span> <span class='ocrx_word' id='word_1_174' title='bbox 925 2839 1002 2904; x_wconf 84' lang='lat' dir='ltr'>dixit</span> <span class='ocrx_word' id='word_1_175' title='bbox 1017 2839 1113 2906; x_wconf 92' lang='lat' dir='ltr'>Anth.</span> <span class='ocrx_word' id='word_1_176' title='bbox 1129 2839 1197 2905; x_wconf 88' lang='lat' dir='ltr'>Pal.</span> 
     </span>
     <span class='ocr_line' id='line_1_23' title="bbox 197 2948 1200 3039; baseline -0.002 -22"><span class='ocrx_word' id='word_1_177' title='bbox 197 2952 286 3033; x_wconf 90' lang='lat' dir='ltr'>XIII,</span> <span class='ocrx_word' id='word_1_178' title='bbox 308 2954 353 3018; x_wconf 83' lang='grc'>25</span> <span class='ocrx_word' id='word_1_179' title='bbox 385 2949 444 3018; x_wconf 82' lang='grc' dir='ltr'>οὑκ</span> <span class='ocrx_word' id='word_1_180' title='bbox 471 2954 657 3036; x_wconf 73' lang='grc' dir='ltr'><strong><em>Πελασγῶν</em></strong></span> <span class='ocrx_word' id='word_1_181' title='bbox 683 2948 856 3039; x_wconf 82' lang='grc' dir='ltr'><strong><em>Ἀκρίσιος.</em></strong></span> <span class='ocrx_word' id='word_1_182' title='bbox 910 2951 1108 3037; x_wconf 86' lang='lat' dir='ltr'>Quamquam</span> <span class='ocrx_word' id='word_1_183' title='bbox 1136 2952 1200 3015; x_wconf 95' lang='lat' dir='ltr'>hoc</span> 
     </span>
     <span class='ocr_line' id='line_1_24' title="bbox 198 3064 1200 3152; baseline -0.003 -22"><span class='ocrx_word' id='word_1_184' title='bbox 198 3066 292 3130; x_wconf 89' lang='lat' dir='ltr'>etiam</span> <span class='ocrx_word' id='word_1_185' title='bbox 313 3064 461 3130; x_wconf 91' lang='lat' dir='ltr'>nonnihil</span> <span class='ocrx_word' id='word_1_186' title='bbox 484 3064 643 3130; x_wconf 89' lang='lat' dir='ltr'>diversum</span> <span class='ocrx_word' id='word_1_187' title='bbox 659 3074 717 3130; x_wconf 90' lang='lat' dir='ltr'>est.</span> <span class='ocrx_word' id='word_1_188' title='bbox 753 3064 788 3131; x_wconf 85' lang='lat' dir='ltr'>Si</span> <span class='ocrx_word' id='word_1_189' title='bbox 801 3066 967 3150; x_wconf 89' lang='lat' dir='ltr'>praecocis</span> <span class='ocrx_word' id='word_1_190' title='bbox 981 3066 1103 3152; x_wconf 83' lang='lat' dir='ltr'>ingenii</span> <span class='ocrx_word' id='word_1_191' title='bbox 1118 3085 1200 3151; x_wconf 91' lang='lat' dir='ltr'>puer</span> 
     </span>
     <span class='ocr_line' id='line_1_25' title="bbox 197 3175 1199 3263; baseline 0 -23"><span class='ocrx_word' id='word_1_192' title='bbox 197 3177 266 3256; x_wconf 82' lang='lat' dir='ltr'>fuit,</span> <span class='ocrx_word' id='word_1_193' title='bbox 288 3186 325 3242; x_wconf 93' lang='lat' dir='ltr'>ut</span> <span class='ocrx_word' id='word_1_194' title='bbox 346 3186 421 3242; x_wconf 88' lang='lat' dir='ltr'>sunt</span> <span class='ocrx_word' id='word_1_195' title='bbox 443 3199 540 3263; x_wconf 86' lang='lat' dir='ltr'>saepe</span> <span class='ocrx_word' id='word_1_196' title='bbox 555 3177 685 3243; x_wconf 90' lang='lat' dir='ltr'>senibus</span> <span class='ocrx_word' id='word_1_197' title='bbox 700 3175 844 3263; x_wconf 87' lang='lat' dir='ltr'>patribus</span> <span class='ocrx_word' id='word_1_198' title='bbox 860 3179 935 3256; x_wconf 90' lang='lat' dir='ltr'>nati,</span> <span class='ocrx_word' id='word_1_199' title='bbox 956 3177 1109 3262; x_wconf 89' lang='lat' dir='ltr'>suspicari</span> <span class='ocrx_word' id='word_1_200' title='bbox 1124 3197 1199 3262; x_wconf 93' lang='lat' dir='ltr'>pos-</span> 
     </span>
     <span class='ocr_line' id='line_1_26' title="bbox 197 3281 1198 3377; baseline -0.002 -23"><span class='ocrx_word' id='word_1_201' title='bbox 197 3291 240 3354; x_wconf 89' lang='lat' dir='ltr'>sis</span> <span class='ocrx_word' id='word_1_202' title='bbox 267 3291 432 3376; x_wconf 80' lang='lat' dir='ltr'>scripsisse</span> <span class='ocrx_word' id='word_1_203' title='bbox 459 3299 589 3377; x_wconf 86' lang='lat' dir='ltr'>poetam</span> <span class='ocrx_word' id='word_1_204' title='bbox 615 3281 674 3354; x_wconf 85' lang='grc' dir='ltr'>τόν</span> <span class='ocrx_word' id='word_1_205' title='bbox 695 3291 825 3366; x_wconf 80' lang='grc' dir='ltr'><strong><em>ὲννέων,</em></strong></span> <span class='ocrx_word' id='word_1_206' title='bbox 853 3310 988 3374; x_wconf 92' lang='lat' dir='ltr'>puerum</span> <span class='ocrx_word' id='word_1_207' title='bbox 1009 3308 1198 3368; x_wconf 86' lang='lat' dir='ltr'>novennem,</span> 
     </span>
     <span class='ocr_line' id='line_1_27' title="bbox 198 3399 1199 3487; baseline -0.001 -21"><span class='ocrx_word' id='word_1_208' title='bbox 198 3400 287 3487; x_wconf 92' lang='lat' dir='ltr'>quod</span> <span class='ocrx_word' id='word_1_209' title='bbox 316 3401 359 3466; x_wconf 91' lang='lat' dir='ltr'>ob</span> <span class='ocrx_word' id='word_1_210' title='bbox 387 3400 630 3466; x_wconf 89' lang='lat' dir='ltr'>insolentiorem</span> <span class='ocrx_word' id='word_1_211' title='bbox 657 3400 791 3467; x_wconf 84' lang='lat' dir='ltr'>formam</span> <span class='ocrx_word' id='word_1_212' title='bbox 820 3399 913 3464; x_wconf 81' lang='lat' dir='ltr'>laelle</span> <span class='ocrx_word' id='word_1_213' title='bbox 941 3400 1119 3465; x_wconf 89' lang='lat' dir='ltr'>oblitterari</span> <span class='ocrx_word' id='word_1_214' title='bbox 1140 3420 1199 3486; x_wconf 82' lang='lat' dir='ltr'>po</span> 
     </span>
     <span class='ocr_line' id='line_1_28' title="bbox 197 3510 1199 3580; baseline -0.002 -2"><span class='ocrx_word' id='word_1_215' title='bbox 197 3515 267 3578; x_wconf 87' lang='lat' dir='ltr'>tuit</span> <span class='ocrx_word' id='word_1_216' title='bbox 299 3512 389 3577; x_wconf 89' lang='lat' dir='ltr'>Dixit</span> <span class='ocrx_word' id='word_1_217' title='bbox 411 3510 452 3577; x_wconf 92' lang='lat' dir='ltr'>de</span> <span class='ocrx_word' id='word_1_218' title='bbox 474 3512 657 3580; x_wconf 91' lang='lat' dir='ltr'>huiusmodi</span> <span class='ocrx_word' id='word_1_219' title='bbox 679 3513 790 3577; x_wconf 86' lang='lat' dir='ltr'>formis</span> <span class='ocrx_word' id='word_1_220' title='bbox 813 3511 1018 3578; x_wconf 85' lang='lat' dir='ltr'>cardinalium</span> <span class='ocrx_word' id='word_1_221' title='bbox 1035 3512 1199 3577; x_wconf 89' lang='lat' dir='ltr'>Buttman-</span> 
     </span>
     <span class='ocr_line' id='line_1_29' title="bbox 196 3622 1197 3712; baseline -0.002 -22"><span class='ocrx_word' id='word_1_222' title='bbox 196 3645 256 3690; x_wconf 90' lang='lat' dir='ltr'>nus</span> <span class='ocrx_word' id='word_1_223' title='bbox 286 3623 425 3690; x_wconf 88' lang='lat' dir='ltr'>Gramm.</span> <span class='ocrx_word' id='word_1_224' title='bbox 455 3623 520 3690; x_wconf 87' lang='lat' dir='ltr'>vol.</span> <span class='ocrx_word' id='word_1_225' title='bbox 542 3627 571 3704; x_wconf 91' lang='lat'>1,</span> <span class='ocrx_word' id='word_1_226' title='bbox 599 3649 631 3712; x_wconf 93' lang='lat' dir='ltr'>p.</span> <span class='ocrx_word' id='word_1_227' title='bbox 654 3624 720 3689; x_wconf 84' lang='grc'>278</span> <span class='ocrx_word' id='word_1_228' title='bbox 750 3633 782 3688; x_wconf 92' lang='lat' dir='ltr'>et</span> <span class='ocrx_word' id='word_1_229' title='bbox 804 3624 975 3690; x_wconf 91' lang='lat' dir='ltr'>Jacobsius</span> <span class='ocrx_word' id='word_1_230' title='bbox 1003 3622 1043 3689; x_wconf 92' lang='lat' dir='ltr'>ad</span> <span class='ocrx_word' id='word_1_231' title='bbox 1065 3623 1197 3689; x_wconf 91' lang='lat' dir='ltr'>Anthol.</span> 
     </span>
     <span class='ocr_line' id='line_1_30' title="bbox 107 3735 1198 3822; baseline 0.005 -25"><span class='ocrx_word' id='word_1_232' title='bbox 107 3791 109 3797; x_wconf 91' lang='lat'>.</span> <span class='ocrx_word' id='word_1_233' title='bbox 196 3735 264 3802; x_wconf 88' lang='lat' dir='ltr'>Pal.</span> <span class='ocrx_word' id='word_1_234' title='bbox 294 3737 353 3816; x_wconf 90' lang='lat' dir='ltr'>XI,</span> <span class='ocrx_word' id='word_1_235' title='bbox 374 3739 414 3802; x_wconf 93' lang='grc'><strong>41</strong></span> <span class='ocrx_word' id='word_1_236' title='bbox 448 3746 481 3802; x_wconf 87' lang='lat' dir='ltr'>et</span> <span class='ocrx_word' id='word_1_237' title='bbox 508 3739 593 3818; x_wconf 89' lang='lat' dir='ltr'>XIV,</span> <span class='ocrx_word' id='word_1_238' title='bbox 615 3739 651 3817; x_wconf 93' lang='grc'>2,</span> <span class='ocrx_word' id='word_1_239' title='bbox 673 3740 704 3802; x_wconf 88' lang='lat'>9.</span> <span class='ocrx_word' id='word_1_240' title='bbox 760 3735 908 3822; x_wconf 85' lang='lat' dir='ltr'>Quorum</span> <span class='ocrx_word' id='word_1_241' title='bbox 937 3735 1087 3822; x_wconf 85' lang='lat' dir='ltr'>exemplis</span> <span class='ocrx_word' id='word_1_242' title='bbox 1115 3735 1198 3802; x_wconf 89' lang='lat' dir='ltr'>adde</span> 
     </span>
     <span class='ocr_line' id='line_1_31' title="bbox 195 3845 1199 3937; baseline 0 -24"><span class='ocrx_word' id='word_1_243' title='bbox 195 3848 349 3914; x_wconf 77' lang='lat' dir='ltr'>Alcaeum</span> <span class='ocrx_word' id='word_1_244' title='bbox 372 3848 458 3936; x_wconf 89' lang='lat' dir='ltr'>apud</span> <span class='ocrx_word' id='word_1_245' title='bbox 474 3851 582 3936; x_wconf 83' lang='lat' dir='ltr'>Etym.</span> <span class='ocrx_word' id='word_1_246' title='bbox 596 3850 643 3915; x_wconf 89' lang='lat' dir='ltr'>M.</span> <span class='ocrx_word' id='word_1_247' title='bbox 666 3874 698 3937; x_wconf 94' lang='lat' dir='ltr'>p.</span> <span class='ocrx_word' id='word_1_248' title='bbox 713 3851 787 3929; x_wconf 85' lang='grc'>290,</span> <span class='ocrx_word' id='word_1_249' title='bbox 810 3850 853 3914; x_wconf 91' lang='grc'>49</span> <span class='ocrx_word' id='word_1_250' title='bbox 876 3845 922 3926; x_wconf 81' lang='grc' dir='ltr'>εἷς</span> <span class='ocrx_word' id='word_1_251' title='bbox 943 3849 1009 3915; x_wconf 79' lang='grc' dir='ltr'>τῶν</span> <span class='ocrx_word' id='word_1_252' title='bbox 1031 3849 1199 3915; x_wconf 70' lang='lat' dir='ltr'>‹leonardi-</span> 
     </span>
     <span class='ocr_line' id='line_1_32' title="bbox 196 3956 645 4029; baseline 0.007 -5"><span class='ocrx_word' id='word_1_253' title='bbox 196 3981 269 4029; x_wconf 84' lang='grc' dir='ltr'>κων.</span> <span class='ocrx_word' id='word_1_254' title='bbox 315 3961 411 4026; x_wconf 71' lang='lat' dir='ltr'>Vso</span> <span class='ocrx_word' id='word_1_255' title='bbox 434 3960 506 4028; x_wconf 91' lang='lat' dir='ltr'>cod.</span> <span class='ocrx_word' id='word_1_256' title='bbox 529 3956 645 4028; x_wconf 82' lang='grc' dir='ltr'><strong><em>ὅσσον.</em></strong></span> 
     </span>
    </p>
   </div>
   <div class='ocr_carea' id='block_1_5' title="bbox 195 4072 1199 4267">
    <p class='ocr_par' dir='ltr' id='par_1_6' title="bbox 195 4072 1199 4267">
     <span class='ocr_line' id='line_1_33' title="bbox 285 4072 1198 4160; baseline 0.001 -23"><span class='ocrx_word' id='word_1_257' title='bbox 285 4072 378 4157; x_wconf 84' lang='lat' dir='ltr'>Quae</span> <span class='ocrx_word' id='word_1_258' title='bbox 400 4084 566 4160; x_wconf 89' lang='lat' dir='ltr'>praeterea</span> <span class='ocrx_word' id='word_1_259' title='bbox 580 4072 763 4160; x_wconf 84' lang='lat' dir='ltr'>Asclepiadi</span> <span class='ocrx_word' id='word_1_260' title='bbox 778 4074 960 4140; x_wconf 89' lang='lat' dir='ltr'>tribuuntur</span> <span class='ocrx_word' id='word_1_261' title='bbox 976 4073 1198 4160; x_wconf 84' lang='lat' dir='ltr'>epigrammata</span> 
     </span>
     <span class='ocr_line' id='line_1_34' title="bbox 195 4183 1199 4267; baseline 0.004 -19"><span class='ocrx_word' id='word_1_262' title='bbox 195 4183 229 4248; x_wconf 94' lang='lat' dir='ltr'>in</span> <span class='ocrx_word' id='word_1_263' title='bbox 252 4183 347 4250; x_wconf 87' lang='lat' dir='ltr'>Anth.</span> <span class='ocrx_word' id='word_1_264' title='bbox 371 4185 437 4251; x_wconf 84' lang='lat' dir='ltr'>Pal</span> <span class='ocrx_word' id='word_1_265' title='bbox 459 4187 501 4267; x_wconf 88' lang='lat' dir='ltr'>V,</span> <span class='ocrx_word' id='word_1_266' title='bbox 525 4187 598 4252; x_wconf 87' lang='grc'><strong>161.</strong></span> <span class='ocrx_word' id='word_1_267' title='bbox 622 4189 695 4260; x_wconf 80' lang='grc'><strong>194.</strong></span> <span class='ocrx_word' id='word_1_268' title='bbox 725 4183 803 4267; x_wconf 88' lang='lat' dir='ltr'>VII,</span> <span class='ocrx_word' id='word_1_269' title='bbox 827 4187 899 4253; x_wconf 86' lang='grc'><strong>145.</strong></span> <span class='ocrx_word' id='word_1_270' title='bbox 921 4186 985 4251; x_wconf 83' lang='grc'>217</span> <span class='ocrx_word' id='word_1_271' title='bbox 1017 4195 1050 4250; x_wconf 88' lang='lat' dir='ltr'>et</span> <span class='ocrx_word' id='word_1_272' title='bbox 1076 4187 1111 4251; x_wconf 94' lang='lat' dir='ltr'>in</span> <span class='ocrx_word' id='word_1_273' title='bbox 1134 4186 1199 4252; x_wconf 91' lang='lat' dir='ltr'>An-</span> 
     </span>
    </p>
   </div>
   <div class='ocr_carea' id='block_1_6' title="bbox 0 0 1519 4816">
    <p class='ocr_par' dir='ltr' id='par_1_7' title="bbox 0 0 1519 4816">
     <span class='ocr_line' id='line_1_35' title="bbox 0 0 1519 4816; baseline 0 0"><span class='ocrx_word' id='word_1_274' title='bbox 0 0 1519 4816; x_wconf 95' lang='lat' dir='ltr'> </span> 
     </span>
    </p>
   </div>
  </div>
 </body>
</html>
