3016 4808
435 464 625 516 ΛΕΩΝῙΔΑ
647 467 924 516 ΤΑΡΛΝΤῙΝΟΥ
1148 467 1182 522 31

176 609 266 680 άλλά
286 635 344 698 μοι
368 609 428 678 αίί
454 610 502 680 ἀν’
529 606 591 701 ὅρη
610 613 741 702 χλωρᾶς
763 618 993 702 κεκορεσμέναι
1013 608 1103 694 ύλας,
1204 715 1208 720 ἱ

222 721 329 809 τούχ’
355 721 569 814 ἁρπακτῆρος
588 720 637 809 μή
659 747 692 789 τι
713 725 859 811 μέλεσθέ
880 721 988 792 λύκου.

612 883 745 949 XXVII.

180 994 284 1084 Θῆρις
306 991 326 1060 ὁ
349 989 557 1082 ὃαιδαλόχειρ
579 995 624 1079 τᾷ
645 989 805 1060 Παλλάδι
825 994 931 1079 πῆχυν
953 992 1099 1082 άκαμπῆ,

224 1107 280 1171 καὶ
301 1098 441 1172 τιτανὸν
463 1099 554 1188 νάτιρ
576 1100 808 1191 καμπτόμενον
829 1108 960 1191 πρίονα,

176 1219 234 1284 καὶ
254 1217 391 1283 πέλεκυν
411 1211 559 1303 ῥυκάναν
579 1213 603 1282 τ’
630 1213 749 1302 εὐαχέα
770 1203 827 1283 καὶ
847 1222 999 1307 περιαχίς

221 1324 389 1419 τρύπανον
410 1332 445 1393 έκ
466 1330 584 1415 τέχνας
605 1320 733 1394 άνθετο
755 1323 976 1415 παυσάμενος.

606 1486 754 1552 XXVIII.

169 1599 215 1673 Ὦ
235 1605 334 1675 τάνδε
357 1608 538 1695 στείχοντες
559 1604 758 1699 άταρπιτόν,
781 1607 850 1676 α’ίττ
872 1607 942 1675 ποί
968 1607 1090 1696 άμρούς

222 1714 377 1806 ὃαμόθεν
399 1716 459 1786 α’ίί
485 1715 537 1785 ἀπ’
563 1715 675 1807 άχραῖν
695 1722 811 1788 νιῖσθε
833 1717 902 1787 ποτ’
928 1716 1115 1808 ἀκρόπολιν,

178 1825 285 1918 ἄμμες
307 1827 394 1919 ὅρων
416 1826 560 1920 φύλακες
582 1832 691 1898 δισσοὶ
711 1833 807 1912 θεοί,
831 1823 877 1898 ὧν
901 1830 919 1898 ὁ
941 1836 1001 1918 μὲν
1018 1832 1149 1923 Ἑρμᾶς,

223 1939 296 2010 οἷον
317 1940 396 2034 ὁρῇς
416 1939 460 2030 μί,
483 1933 578 2020 οὗτος
601 1939 629 2008 δ’
656 1937 773 2031 ἅτερος
791 1941 984 2032 Ἡρακλέης.

177 2047 280 2144 άμφω
302 2056 363 2141 μὲν
383 2056 528 2129 θνατοῖς
550 2047 695 2134 εύάκοοι,
717 2049 804 2121 άλλά
824 2051 904 2121 ποθί
931 2050 1051 2132 αὑτούς

223 2385 281 2454 α’ίτ’
308 2382 400 2475 ὠμάς
420 2389 581 2478 παραθῇς
603 2384 765 2475 ἀχράδας,
787 2394 978 2480 ὲχκέκαςυεν·

177 2501 235 2565 ναὶ
255 2496 324 2586 μάν
346 2495 499 2577 ὡσαύτως
520 2495 584 2578 ’τάς
604 2494 763 2588 βότρυας,
785 2497 855 2566 α’ίτε
876 2502 1032 2566 πέλονται

218 2606 338 2700 ιὥριμαι
360 2610 431 2678 αίτε
449 2606 556 2698 χύδαν
578 2604 742 2703 ὄμφακες,
764 2608 956 2700 εύτρέπικεν.

176 2726 278 2808 μισέω
300 2717 363 2789 τάν
383 2718 542 2810 μετοχάν,
565 2720 635 2790 οὐδ’
661 2718 801 2809 ἥδομαι·
827 2720 894 2788 ἀλλ’
921 2720 939 2788 ὁ
963 2727 1073 2814 φέρων
1093 2748 1126 2789 τι

221 2831 342 2924 ἀμφίς,
363 2829 410 2920 μὴ
431 2836 543 2920 κοινᾷ,
564 2842 644 2913 τοῖς
657 2836 731 2903 δυσὶ
752 2837 953 2924 παρτιθέτα,

176 2946 234 3011 καὶ
254 2947 370 3030 λιχέτω
392 2995 410 3026 ,,
417 2949 469 3013 τὶν
490 2943 598 3026 τοῦθ’,
616 2940 803 3032 Ἡράκλεες.
826 2941 913 3013 ἀλλά
933 2943 975 3013 τὺ
994 2950 1100 3026 τοῦτο,

216 3053 346 3145 Ἑρμᾶ“
367 3059 422 3124 καὶ
444 3054 516 3125 λύοι
536 3052 600 3125 τάν
621 3060 688 3146 έριν
709 3056 915 3151 ἀμφοτέραν.

604 3217 745 3282 *xx1x.

174 3321 368 3415 Ἀχρονόμῳ
389 3323 467 3394 τάδε
489 3329 585 3395 Πανὶ
606 3330 663 3394 καὶ
686 3326 983 3416 εύαστῆριΛυαίῳ

220 3438 364 3525 πρέσβυς
384 3440 440 3505 καὶ
462 3435 623 3530 Νύμφαις
641 3434 764 3529 Ἀρκάς
785 3441 886 3520 έθυκε
908 3441 1030 3508 Βίτων·

177 3549 272 3614 Πανὶ
293 3550 354 3634 μὲν
376 3547 550 3639 άρτιτύκαν
568 3554 713 3642 χίμαρον
735 3553 967 3640 συμπαίστορα
988 3549 1122 3643 ματρός,

221 3660 338 3725 κισσοῦ
359 3660 394 3728 δὲ
416 3662 554 3753 Βρομίῳ
576 3664 684 3729 κλῶνα
706 3665 961 3743 παλυπλανέος,-

247 3915 327 3973 VM
344 3919 392 3974 τοῦ
411 3918 437 3976 δ’
452 3952 482 3963 -
502 3917 615 3976 XXVII.
633 3918 822 3989 Pal.V1‚204.
844 3919 923 3980 Vs.3
940 3919 1001 3977 sort
1020 3921 1114 3978 εύάκεα
1132 3921 1176 3978 vel

178 4000 295 4076 εὐθυμία
312 4031 347 4043 -
364 4004 488 4064 XXVIII.
507 4002 562 4061 Pal.
575 4004 623 4075 IX,
640 4009 700 4066 316.
720 4005 799 4065 VM}
817 4017 845 4062 et
862 4011 878 4064 7
897 4006 995 4063 absunt
1012 4007 1122 4064 lacunae
1138 4011 1177 4065 in-

178 4088 255 4146 dicia.
277 4087 324 4146 Vs.
338 4092 373 4146 13
389 4093 422 4164 τῆ
440 4089 520 4150 τοῦθ’
540 4099 568 4146 et
585 4091 647 4148 ἄλλο
666 4092 699 4149 τύ
719 4126 749 4136 -
769 4091 869 4150 XXIX.
888 4092 942 4148 Pal.
957 4090 1004 4161 VI,
1024 4096 1082 4150 154.
