3028 4826
517 453 838 516 CONIECTANEA.
1051 469 1055 475 ·
1126 459 1179 516 1⁸3

174 610 331 678 vidissent
351 609 413 674 viri
441 608 630 690 doctissimi,
658 612 722 675 nisi
744 608 832 697 quud
858 610 948 676 vs.5
973 608 1092 699 legitur
1112 602 1188 695 ἄρα,
1315 595 1335 610 ”

174 724 299 812 βροτον
327 713 427 806 ὄγκον
455 742 516 808 ρτο
545 731 698 809 corrupto
726 720 923 787 habuissent.
978 721 1076 808 Atqui
1099 723 1179 787 haec

175 833 274 899 verbu
303 834 466 899 sanissima
493 842 576 899 sunt.
627 834 783 900 Nimirum
806 831 954 898 abortum
975 833 1095 900 feceret
1114 834 1178 899 Eu·

175 946 319 1033 pluente.
363 945 486 1026 Netum
508 953 558 1010 cst
579 943 656 1032 quid
678 946 720 1010 sit
740 938 896 1032 ἀβροτεῖν
919 954 952 1010 et
972 939 1177 1034 ἀβροτάζειν.

175 1057 259 1122 Hinc
281 1049 425 1145 ἄβροτος
439 1059 507 1122 sive
529 1048 699 1143 ἄμβροτος
712 1053 798 1120 idem
813 1055 965 1142 estquod
980 1049 1178 1144 ἁμάρτητος,

165 1161 385 1253 ἁμαρτωλός,
411 1166 650 1246 frustratus,
678 1186 741 1230 nec
763 1164 874 1232 differt
902 1165 943 1231 ab
968 1160 1177 1255 ἀβροτήμων.

176 1275 272 1365 Apud
293 1278 501 1364 Hesychium,
520 1270 777 1364 Ἀμβρότιγνονε
803 1270 934 1366 ἄκορον,
955 1278 1092 1344 fortasse
1114 1274 1178 1364 ἀμ-

174 1389 345 1478 βροτῆμον
366 1388 568 1456 scribendum
596 1398 655 1454 est
689 1386 789 1473 Quod
811 1387 962 1477 deinceps
978 1388 1068 1455 addit
1079 1400 1179 1476 poete

176 1496 341 1580 εὐώδινος,
368 1503 436 1567 sive
464 1503 492 1566 is
520 1502 680 1591 genitivus
709 1508 759 1566 est
785 1503 853 1568 sive
881 1504 1111 1581 nominativus,
1137 1500 1178 1567 cd

175 1622 283 1699 partus
305 1611 488 1679 facilitatem
508 1610 722 1679 referendum.

575 1772 776 1785 ,.....-...---

273 1935 276 1940 ’
351 1918 496 1974 menone
512 1922 763 1976 snenuusmns
781 1921 840 1976 uu.
851 1921 918 1990 vn,
936 1919 998 1975 4ο3.

213 2013 355 2111 ΙΨύλλος
377 2032 395 2102 ὁ
417 2029 478 2112 τολς
498 2029 647 2115 νιοθινολς
667 2036 885 2122 ἐπιρασθίδας
909 2037 981 2104 cliv
1000 2037 1136 2127 ἑταίρας

263 2151 399 2233 πέμπων
421 2151 455 2224 ἐς
475 2139 518 2212 cd
538 2149 622 2213 νέαν
641 2143 725 2228 ἡδέα
747 2142 924 2233 συμπόσια,

220 2247 316 2336 οὗτος
338 2256 357 2324 ὁ
379 2252 534 2346 Ιθηρεύειν
555 2252 811 2349 ἁπαλόφρονας,
833 2254 959 2326 ἐνθάδε
980 2263 1085 2325 κεῖται

264 2363 401 2458 αἰσχρὸν
423 2365 480 2434 ἀντ’
507 2363 698 2458 ἀνθρώπων
718 2364 849 2455 μισθὸν
871 2365 1094 2458 ἐνεγκάμενος.

95 2521 97 2528 ·
176 2508 284 2571 Versu
306 2507 400 2572 tertio
422 2503 594 2593 legendum
616 2504 746 2571 videtur
766 2501 1017 2596 ἀταλάφρονας,
1046 2527 1111 2592 qun
1134 2509 1180 2571 iu·

176 2620 314 2684 ventutis
336 2619 492 2705 imperitia
512 2615 627 2684 melius
647 2615 806 2683 indicatur
827 2638 921 2704 quem
942 2615 1055 2683 altero.
1089 2618 1180 2684 Simi-

176 2729 251 2795 liter
278 2727 364 2817 apud
389 2728 608 2801 dschilochum
630 2726 832 2794 Schneidew.
852 2727 928 2794 Del.
949 2738 1036 2817 poet
1059 2752 1090 2816 p.
1115 2731 1179 2794 195

176 2843 302 2933 κλέψας
323 2838 451 2924 (Amor)
473 2845 509 2906 ἐκ
530 2841 685 2921 στηθέων
699 2833 832 2918 ἁπαλολς
854 2843 986 2932 φρένας,
1007 2839 1178 2930 legendum

100 3039 105 3046 ψ
177 2948 312 3030 decide.
362 2952 466 3040 Psylli
487 2951 614 3019 lenonis
636 2972 755 3018 nomen
778 2953 914 3018 fortasse
938 2974 976 3019 ex
997 2952 1178 3018 Menandro

177 3065 360 3131 denivetum.
406 3067 448 3130 V.
470 3066 596 3154 Fregm.
620 3061 714 3130 Com.
736 3063 793 3145 IV,
815 3087 848 3153 p.
870 3065 924 3131 80.

577 3219 778 3236 —--0-—-

462 3372 692 3426 unmonmuns
708 3372 767 3424 nu.
778 3371 815 3440 ν,
832 3368 895 3424 τοο.

221 3481 389 3571 Δακρύεις,
413 3479 535 3552 ἑλεεινολ
556 3487 681 3566 λαλεῖς,
704 3486 859 3575 περίεργα
880 3485 1028 3572 θεωροῖς,

265 3595 466 3676 ζηλοτυπεῖς,
488 3591 575 3690 ἅπτῃ
595 3592 749 3677 πολλάκι,
770 3589 877 3662 τινκνολ
899 3597 1014 3686 φιλεῖς.

220 3709 327 3774 ταῦτα
347 3712 409 3793 μέν
422 3714 512 3774 ἐστιν
526 3711 679 3798 ἐρῶντος·
703 3703 786 3774 ὅταν
808 3705 839 3774 δ’
854 3705 941 3787 ελον,
961 3699 1177 3795 παράκειμοι·

264 3820 321 3888 καὶ
343 3812 525 3907 σελμένεις,
547 3817 658 3897 ἁπλῶς
680 3815 777 3885 οὐδὲν
795 3819 935 3907 ἐρῶντος
957 3819 1046 3908 ἔχεις.

177 3954 248 4018 Νοο
263 3955 384 4043 Toupii
406 3958 588 4023 coniectura
602 3953 735 4042 probari
748 3963 865 4040 potest,
887 3956 940 4041 qui
956 3962 1068 4040 quarto
1083 3973 1178 4018 versu

177 4066 233 4131 καὶ
255 4059 296 4133 σύ
316 4070 423 4153 μένεις
444 4061 567 4145 ἄπλοος
589 4065 685 4132 scribi
699 4065 810 4144 voluit,
832 4086 893 4131 nec
907 4063 994 4151 quod
1008 4063 1177 4130 Jacobsius
