3026 4816
352 468 404 526 160
619 466 880 528 lulioramo
902 468 1088 531 Clll'l’lCA.

351 617 409 687 ὁίν
431 642 551 686 σοι-
572 618 773 714 ὀνειροπολῇ.
819 625 913 688 Vs.3
940 623 1012 688 cod.
1036 619 1185 704 ἁλιθύηι.
1231 627 1354 716 Apogr.

350 734 438 820 Lips.
462 726 599 822 ἁλιεὺῃς,
622 734 709 819 quod
733 737 859 820 sequuti
882 745 958 800 sunt
979 735 1160 801 Brunckius
1183 748 1215 802 et
1235 737 1357 826 Jacob-

350 847 424 910 sius.
469 843 643 908 Debebunt
664 840 791 937 ἁλιεύῃ,
819 846 908 932 quod
930 850 1105 912 rectissime
1131 847 1195 913 dici
1215 848 1269 913 vel
1291 849 1357 913 An-

350 955 517 1043 tiphaneae
540 954 667 1021 fabulae
685 955 796 1024 titulus
815 955 1026 1043 Ἁλιευομένῃ
1044 959 1149 1024 docet.
1182 962 1240 1025 Vs.
1257 964 1278 1026 4
1300 983 1357 1025 ve-

349 1070 471 1134 rissime
492 1068 693 1134 Hermannus
714 1063 866 1154 κάλαμον
888 1069 928 1134 de
950 1080 1088 1151 veretro,
1111 1073 1227 1157 λιμένα
1249 1081 1354 1138 autem
1408 1085 1410 1090 '

349 1182 384 1245 in
405 1189 558 1265 sequente
579 1201 684 1245 versu¹
697 1178 737 1246 dc
759 1184 850 1268 pueri
865 1191 956 1268 parte
978 1185 1103 1269 postica
1119 1185 1355 1269 interpretatur,

349 1300 386 1358 ut
406 1291 512 1356 verbis
541 1289 639 1372 ἕλξεις
660 1297 695 1357 ἐκ
717 1293 847 1378 λιμένος
874 1287 1001 1375 πολλὴν
1023 1290 1146 1380 δρόσον
1167 1294 1245 1359 nihil
1267 1294 1354 1359 aliud

348 1403 508 1469 indicetur
530 1424 624 1490 quam
645 1407 875 1490 καταχεσεῖταί
891 1425 960 1470 σου.
993 1405 1083 1470 Nihil
1106 1409 1205 1494 igitur
1218 1406 1269 1470 hic
1284 1426 1354 1470 cor-

348 1524 476 1602 ruptum
506 1524 563 1580 est.
608 1516 699 1579 Dura
729 1525 778 1580 est
807 1514 865 1580 sed
893 1516 1085 1582 inevitabilis
1114 1516 1354 1605 philologorum

349 1648 435 1706 sors,
457 1636 556 1693 utne
578 1623 777 1692 foedissimas
801 1625 927 1714 quidem
950 1631 1151 1714 quaestiones
1175 1627 1354 1694 detrectare

350 1739 496 1804 debeant

410 1851 493 1916 lv.
530 1851 589 1915 Vs.
613 1854 630 1917 l
661 1859 748 1915 recte
776 1849 909 1915 haberet
933 1845 1016 1938 ὅσον
1038 1848 1127 1929 eiua,
1156 1853 1220 1916 vix
1243 1850 1354 1917 dixe-

348 1985 441 2042 ram,
477 1964 504 2026 si
532 1971 718 2048 sequeretur
744 1963 801 2027 καὶ
829 1956 1019 2048 μικρότερός
1046 1985 1086 2049 με
1115 1965 1282 2049 κατέσχεν,
1315 1973 1352 2028 ut

348 2075 434 2163 apud
463 2071 625 2160 Hedylum
647 2072 743 2137 Anth.
766 2072 834 2138 Pal.
856 2074 915 2152 lX,
939 2074 1003 2137 123
1033 2069 1106 2138 ἀλλ’
1134 2068 1216 2140 ὅσον
1244 2075 1353 2154 clotil-

347 2189 414 2253 θεν
441 2179 552 2271 κῷχετ’
575 2178 831 2270 Ἀρισταγόρης,
859 2183 993 2270 aliisque
1021 2184 1111 2250 locis.
1156 2186 1252 2250 Nunc
1275 2187 1354 2249 scri-

346 2296 489 2364 bendum
510 2295 639 2361 videtur
667 2289 748 2361 ὅσον
770 2293 875 2375 εἴπας,
903 2295 1018 2381 σιτίοισι
1047 2300 1213 2382 sequentia
1238 2291 1353 2382 πικρό·
1435 2349 1446 2360 .

346 2404 441 2496 τορός
461 2431 502 2495 με
524 2411 679 2492 κατέσχεν
702 2405 811 2471 cadem
829 2404 1030 2472 anacoluthia
1046 2408 1234 2486 inferuntur,
1258 2429 1352 2492 quam

348 2519 498 2607 exemplis
520 2519 678 2584 illustravi
698 2518 802 2583 Praei.
826 2518 866 2582 ad
890 2517 983 2586 Com.
1005 2541 1110 2608 grace.
1133 2520 1182 2584 IV
1182 2568 1189 2598 ,
1212 2542 1244 2605 p.
1264 2521 1313 2584 10.

292 2641 294 2646 '
436 2633 478 2697 V.
495 2631 614 2705 ‚vsi
643 2650 711 2694 non
740 2628 894 2694 credibile
924 2640 973 2694 est
1000 2640 1129 2717 poetam
1157 2651 1225 2696 non
1247 2633 1353 2716 ipsum

347 2746 440 2832 pueri
467 2763 585 2808 nomen
607 2743 763 2828 posuisse.
815 2741 925 2828 ltaque
944 2736 1131 2823 Ἀθήναιος
1156 2743 1268 2828 scripsi
1290 2763 1352 2828 pro

343 2853 540 2936 Ἀθηναῖος.
1136 2839 1139 2846 ’

433 2967 492 3032 VI.
528 2967 627 3033 Vs3
649 2963 749 3029 verba
771 2968 817 3042 τίς
837 2961 952 3051 ὀλίγον
973 2967 1084 3042 τείνας
1104 2966 1219 3052 μηνῶν
1238 2967 1354 3052 permi-

346 3101 415 3145 rum
444 3087 494 3144 est
515 3078 660 3163 cuiquam
683 3085 832 3163 corrupta
854 3074 957 3142 videri
983 3079 1142 3163 potuisse:
1170 3081 1216 3154 τίς
1238 3073 1353 3161 ὀλίγον

346 3192 462 3256 τείνειν
483 3189 568 3255 idem
591 3198 640 3254 est
663 3186 751 3274 quod
774 3191 970 3273 συντέμνειν.
1138 3173 1140 3179 ’

433 3301 522 3367 'Vlll
559 3302 656 3366 vs.1
686 3296 708 3381 η’
731 3292 864 3379 πιθανή
885 3296 921 3385 μ’
947 3301 1095 3385 ἔτρωσεν.
1140 3298 1260 3364 Eadem
1283 3298 1351 3364 lere

345 3413 445 3479 verba
466 3410 601 3476 vidimus
624 3433 722 3498 supra
744 3407 924 3495 Asclepiad.
948 3412 1059 3500 Epigr.
1074 3411 1152 3475 XVI
1174 3407 1195 3490 ἡ
1219 3405 1350 3496 λαμορή

344 3521 381 3612 μ’
407 3526 525 3611 έτρωσε
543 3523 727 3590 Φιλαίνιον.
764 3522 844 3586 Mox
866 3542 926 3608 pro
942 3515 1066 3588 ”Acium
1088 3523 1201 3608 scripsi
1218 3516 1351 3601 Ἅδονι,

345 3645 382 3701 ut
403 3634 475 3700 cod.
498 3634 594 3700 habet
615 3636 725 3723 Epigr.
740 3635 792 3712 IX,
809 3636 837 3698 1.
878 3633 1020 3700 Eandem
1042 3633 1175 3698 formam
1197 3631 1263 3697 Pal.
1286 3614 1353 3697 ser-
1411 3682 1414 3688 .

344 3749 432 3813 vovit
455 3749 548 3812 etiam
571 3746 641 3811 aliis
663 3744 760 3826 locis,
781 3767 812 3808 v.
836 3767 862 3810 c.
886 3744 971 3830 apud
993 3745 1137 3810 Marcum
1159 3745 1292 3833 Argent.
1308 3745 1351 3824 V,

327 3861 410 3926 ·ll3
439 3867 472 3923 et
499 3858 668 3946 Agathiam
690 3859 731 3936 V,
759 3858 833 3923 289.
888 3855 1005 3943 Neque
1035 3858 1121 3922 hunc
1149 3854 1351 3921 librariorum

346 3992 484 4038 errorem
508 3991 578 4036 csse
602 3968 697 4035 docet
717 3967 861 4034 Eustath.
884 3966 924 4032 ad
947 3967 983 4034 11.
1006 3992 1039 4055 p.
1056 3970 1129 4048 539,
1151 3969 1181 4048 l,
1204 3971 1259 4054 qui
1280 3968 1352 4032 Ari-

345 4082 502 4150 starchum
535 4091 647 4148 testem
681 4079 840 4170 producit.
897 4077 1010 4146 Conir.
1043 4079 1127 4146 idem
1156 4078 1196 4144 ad
1227 4077 1350 4166 Odyss.

1315 4215 1347 4278 p.
