3028 4826
496 463 815 528 CONIECTANEA.
1107 470 1156 524 197

335 701 340 714 .
413 639 663 710 assumsisse
680 635 832 724 aniius,
850 653 894 707 τι.

289 763 510 848 Μνασάλκοος
531 762 570 835 τὸ
583 749 686 856 ’σᾶμα
707 769 754 835 τῶ
774 754 956 835 Πλοτοΐὸα

287 879 334 944 τῶ
351 860 561 964 'tammus
586 877 591 893 ⁷

287 986 312 1052 ἁ
334 991 446 1056 Maiam
467 987 497 1056 δ’
516 986 605 1056 αὐτῶ
626 993 686 1068 τοῖς
703 989 883 1078 Σιμωνίδα
903 985 1031 1069 πλάτας

181 1099 184 1114 ¹
284 1089 326 1179 ἧς
348 1097 607 1189 ἀποσπάραγμα,

284 1207 364 1276 κενά
385 1235 420 1277 τε
441 1205 589 1296 κλαγγὰν
610 1207 921 1300 κὰπιλακοθίστρια,

285 1317 576 1409 διθυραμβοχώνα.

190 1476 192 1478 -
283 1432 441 1510 atavam,
462 1426 509 1516 μὴ
530 1428 697 1518 fidi-witae·
720 1437 748 1498 ei
768 1432 804 1498 δέ
825 1455 860 1498 κε
883 1426 963 1512 ζόεν,
1067 1453 1068 1456 ’

284 1536 456 1627 τύμπανόν
478 1540 505 1607 κ’
524 1539 640 1634 ὲφύση.
862 1539 864 1542 ’

153 1676 252 1762 Quod
274 1679 377 1762 primo
398 1677 495 1742 versu
516 1677 636 1766 legitur
656 1677 852 1756 monasticia,
879 1698 942 1763 pro
968 1696 1033 1764 quo
1056 1679 1154 1742 Πλο-

151 1790 249 1851 ταῒτα
265 1786 461 1874 expectabas,
479 1791 652 1857 rectissime
666 1787 784 1853 habere
797 1788 880 1853 inira
895 1788 991 1854 docui
1006 1788 1047 1853 ad
1061 1791 1153 1854 Poet.
1227 1792 1228 1798 ’

151 1901 212 1962 inc.
241 1897 337 1964 Anth.
365 1898 431 1963 Pal.
460 1900 550 1981 XIII,
574 1902 625 1966 18.
669 1899 816 1964 Plataeas
845 1910 949 1965 autem
980 1899 1058 1966 dicit
1086 1921 1153 1965 non

151 2011 337 2090 Boeoticas,
372 2010 429 2075 sed
460 2031 539 2098 quas
568 2013 718 2099 Sicyonis
748 2010 873 2075 demum
902 2012 1000 2078 fuisse
1029 2021 1154 2078 constat

153 2144 191 2186 ex
211 2121 381 2187 Strabone.
425 2123 483 2188 Vs.
505 2125 527 2187 2
557 2144 595 2187 ex
617 2118 688 2188 cod.
710 2120 776 2186 Pal.
800 2112 1002 2188 scribendum
1024 2125 1070 2188 τῶ
1089 2120 1153 2189 ’λε-

151 2235 314 2319 γηοττοιῶ,
343 2232 430 2319 quod
459 2233 601 2299 doricum
629 2235 698 2298 sive
725 2233 815 2298 malis
844 2233 1000 2299 aeolicum
1022 2244 1089 2314 est,
1117 2245 1153 2301 ut

151 2345 331 2431 Κοθέρηα,
350 2341 561 2434 Ἀφρογένηα
584 2354 617 2410 et
638 2343 761 2409 similia.
799 2347 895 2411 vsa
918 2339 1037 2424 nitiva}
1060 2341 1151 2431 quam

151 2478 264 2520 vocem
286 2455 340 2520 alii
363 2456 454 2521 aliter
482 2456 651 2521 emendare
674 2459 781 2521 conati
805 2466 894 2536 sunt,
924 2456 1009 2521 idem
1031 2458 1153 2545 signifi-

152 2589 223 2631 care
244 2566 481 2655 videturrquod
503 2569 604 2646 σελίς,
631 2577 667 2633 ut
688 2567 871 2633 Mnasalcae
892 2571 1001 2656 poesis
1022 2571 1153 2633 nonnisi
1217 2627 1221 2646 ,
1282 2567 1285 2574 ’

151 2678 302 2766 decerpta
327 2679 530 2744 Simonideae
558 2680 684 2744 chartae
712 2679 866 2764 particula
893 2679 992 2744 fuisse
1020 2679 1151 2745 dicatur.

138 2791 252 2876 'Quod
287 2790 327 2855 ad
364 2793 571 2868 imitationem
605 2788 818 2857 Simonideaa.
847 2793 978 2878 poesios
1019 2801 1151 2878 spectat.
1188 2880 1190 2882 Ι

150 2905 229 2969 v.5
252 2896 400 2986 κλαγγὰν
421 2913 508 2967 recte
529 2901 699 2967 Jacobsius
721 2905 869 2967 restituit.
915 2901 999 2968 cod.
1022 2897 1150 2988 καιγοὲν.

151 3014 217 3079 Sed
239 3010 529 3100 ὃιθοραμβοχώνα,
551 3012 897 3098 dithyramb'orum
919 3013 1152 3079 infundibu-

150 3126 243 3205 lum,
272 3125 360 3212 quod
389 3147 427 3190 ex
449 3127 569 3211 Toupii
598 3127 781 3191 coniectura
799 3135 965 3213 ,receptum
989 3136 1051 3206 est,
1080 3149 1152 3191 cum
1197 3160 1200 3168 ν
1238 3149 1240 3154 ·

152 3235 222 3301 coa.
245 3237 313 3301 Pal.
334 3230 615 3325 οιοοραμροχονα
636 3236 765 3317 habeat,
793 3217 827 3302 aa
849 3240 946 3325 agatur
968 3259 1032 3325 quo
1056 3258 1152 3303 sensu

152 3348 193 3413 de
214 3347 379 3413 Mnasalca
400 3348 518 3414 dietum
541 3351 581 3413 sit
601 3371 734 3434 prorsus
755 3370 823 3414 non
837 3350 1036 3438 intelligitur.
1070 3349 1153 3414 Seri-

149 3457 289 3524 bendum
305 3458 434 3524 videtur
455 3455 763 3547 διθυραμβοχαύνα,
785 3461 873 3548 quod
890 3461 931 3527 de
945 3464 1032 3526 inani
1047 3460 1152 3548 dithy-

149 3571 306 3636 rambicae
328 3573 460 3656 poesios
474 3573 609 3658 strepitu
625 3580 657 3635 et
678 3581 802 3638 tumore
815 3576 988 3638 rectissime
1004 3573 1129 3638 dicitur.

430 3842 657 3895 amaonsmns
675 3845 734 3896 pai.
750 3845 803 3911 xl,
821 3841 866 3894 35.

121 3989 123 3994 ·
193 3946 362 4040 Κράμβηο
379 3949 632 4041 Ἀρτεμίδωρος,
655 3950 871 4042 Ἀρίσταρχος
892 3955 927 4050 δὲ
949 3949 1092 4040 τάριχον,

44 4101 48 4118 ·
180 4113 181 4120 1
237 4064 436 4150 βολβίσκοος
457 4061 487 4129 δ’
508 4061 588 4150 ἡμῖν
609 4064 710 4131 δῶκεν
723 4059 976 4153 ,Ἀθηναγόραῶ
