3028 4826
351 465 403 523 198
693 461 1012 525 comeum.

393 609 536 696 ἡπότιον
561 609 767 702 Φιλόδημος,
785 611 1042 708 Ἀπολλοφάνης
1063 616 1099 683 δὲ
1120 611 1180 684 δύο
1202 617 1289 702 μνᾶς

435 727 593 814 χοιρείου,
614 728 673 793 καὶ
692 735 779 815 τρεῖς
799 717 888 810 ἦσαν
909 725 968 793 ἀπ’
986 728 1084 814 ἐχθὲς
1104 730 1161 794 ἔτι.

394 831 462 922 ᾠόυ
481 839 538 904 καί
560 833 744 929 στεφάνους
763 839 821 905 καὶ
842 832 1003 924 οόμβαλα
1023 840 1081 904 καὶ
1101 834 1208 928 μόρον
1228 837 1310 926 ἡμῖν

437 942 602 1035 λάμβανε,
622 950 679 1016 καὶ
700 945 838 1030 δεκάτης
859 943 946 1016 εὐθὺ
967 951 1059 1016 θέλω
1080 945 1252 1035 παράγειν.

350 1070 519 1150 Postremo
547 1083 852 1150 versu-Brunckiuo
879 1083 940 1164 τῆς
968 1077 1119 1164 δεκάτης,
1152 1085 1356 1171 improbante
1493 1097 1502 1128 ⁴

349 1195 515 1276 Jacobsio‚
538 1197 688 1282 quoniam
712 1193 847 1260 artiorlo
871 1215 978 1259 carere
1000 1192 1103 1279 liceat
1140 1196 1217 1260 Non
1241 1199 1357 1262 articu-

350 1308 424 1387 lum,
452 1309 584 1394 opinor,
611 1305 814 1371 desiderabat
840 1303 1037 1386 Brunckius,
1071 1303 1130 1370 sed
1164 1308 1221 1373 καὶ
1248 1310 1355 1372 minus

351 1417 518 1485 commode
539 1418 570 1482 h.
592 1415 614 1480 λ
637 1419 775 1504 positum
800 1415 1006 1481 existimabat.
1057 1416 1095 1481 In
1118 1438 1182 1503 quo
1205 1416 1301 1504 plane
1325 1422 1357 1484 ei

351 1533 518 1594 assentior.
561 1525 771 1593 scribendum
792 1525 932 1592 videtur:

395 1634 462 1725 ὀόυ
483 1639 540 1704 καὶ
562 1633 747 1729 στεφάνους
767 1639 824 1703 καὶ
846 1631 1006 1723 σοίμβαλα
1026 1638 1084 1704 καὶ
1103 1633 1209 1726 μόρου
1229 1635 1310 1723 ἡμῖν

438 1746 603 1836 λάμβανε,
624 1755 701 1815 παῖ·
724 1744 861 1830 δεκάτης
882 1742 970 1815 εόθό
989 1750 1081 1815 θέλω
1102 1744 1273 1837 παράγειν.
1341 1775 1345 1781 ·

618 2053 867 2110 Ανοιοουιοοε
885 2059 943 2110 rar.
955 2058 1009 2126 vr,
1026 2053 1090 2109 238.

394 2164 539 2261 Εὔφρων
561 2167 602 2237 οὐ
615 2170 736 2237 πεδίου
755 2166 985 2248 πολυαύλακός
1007 2167 1069 2256 εἰμ’
1097 2167 1116 2235 ὁ
1138 2167 1278 2260 γεραιός,

439 2279 514 2348 οὐδὲ
535 2281 755 2367 πολυγλεόκου
775 2277 948 2370 γειομόρος
968 2277 1124 2370 βότρυος·

394 2390 468 2460 ἀλλ’
495 2389 626 2482 ἀρότρῳ
646 2393 864 2482 βραχόβωλον
885 2392 1078 2473 ἑπικνίζοντι
1095 2388 1255 2482 χαράσσω

434 2508 571 2592 χέρσον,
592 2507 648 2572 καὶ
669 2506 770 2590 stator]
790 2505 916 2571 πίδακα
937 2499 1040 2590 ῥαγός
1062 2506 1134 2590 λγω.

302 2607 304 2620 ’
394 2607 435 2683 οὗ
455 2618 516 2703 μὲν
537 2613 580 2683 ἴδ’
598 2613 634 2696 ἐξ
656 2614 776 2702 ὀλίγων
797 2613 892 2702 ὀλίγη
911 2612 1017 2705 χάρις.
1041 2621 1069 2682 εί
1091 2617 1126 2682 δὲ
1148 2616 1274 2699 διδοίης

438 2729 589 2807 πλείονα,
611 2729 668 2794 καὶ
689 2728 822 2794 πολλῶν
844 2728 965 2814 δαῖμον
987 2722 1220 2818 ἀπαρξόμεθα.

350 2865 398 2929 Ita
420 2865 564 2950 quintum
585 2885 713 2929 versum
735 2864 904 2930 emendare
926 2860 986 2928 sibi
1002 2864 1090 2928 visus
1113 2865 1357 2946 estJaoobsius,

350 2977 384 3040 in
413 2996 477 3068 qoo
506 2996 574 3041 non
597 2977 755 3041 assentior
776 2979 847 3041 viro
878 2978 1021 3064 egregio.
1073 2973 1158 3042 Cod.
1182 2979 1247 3063 είμὶ
1269 2974 1299 3043 δ’
1319 2976 1356 3058 ἐξ

352 3082 480 3172 ὀλίγων.
531 3085 647 3152 Suidas
668 3109 699 3152 v.
727 3081 949 3173 ἀπάρξασθαι
976 3086 1074 3152 habet
1101 3089 1156 3154 σοὶ
1182 3091 1243 3155 νῦν
1270 3086 1300 3155 δ’
1320 3088 1357 3170 ίξ

352 3194 474 3282 ὀλίγου.
503 3197 603 3285 Quod
617 3219 685 3264 non
701 3197 832 3263 dubium
847 3207 897 3263 ost
911 3201 987 3285 quin
999 3202 1174 3266 correctori
1188 3198 1354 3268 debeatur.

351 3309 559 3376 scribendum
580 3310 707 3376 videtur
728 3300 752 3391 ἦ
772 3303 840 3395 μὴν
861 3307 896 3389 ἐξ
917 3306 1038 3396 ὀλίγων
1059 3307 1154 3397 ὀλίγη
1172 3307 1279 3402 χάρις.

755 3479 953 3490 -υ--οι--ι

614 3585 867 3676 Ανοιιοιειοοε
879 3623 938 3674 νο.
951 3623 1006 3691 rx,
1023 3621 1086 3675 ιιι.

395 3734 466 3802 Καὶ
487 3731 566 3802 πότε
589 3730 709 3818 δινήεις
731 3731 863 3826 ἄφοβος
884 3731 1003 3824 πόρος,
1026 3739 1093 3803 εἰπὲ
1115 3733 1288 3816 θάλασσα,

439 3851 467 3913 εί
488 3848 544 3915 καὶ
567 3853 604 3915 ἐν
626 3843 795 3915 ἀλκυόνων
815 3842 922 3934 ἥμασι
942 3843 1171 3936 κλαυσόμεθα,

343 4043 350 4061 Ι
397 3955 578 4040 ἀλκυόνων,
601 3956 655 4038 οἷς
675 3955 797 4038 πόντος
818 3956 870 4027 ἀεὶ
893 3959 1069 4045 στηρίξατο
1091 3961 1179 4046 κῦμα

437 4065 593 4157 νήνεμον,
616 4068 659 4148 ὡς
680 4079 790 4160 κρῖναι
808 4075 928 4159 χέρσον
952 4068 1178 4159 ὀπιστοτίρην.
