3026 4816
341 421 393 478 114
610 416 871 477 ADNO'l'A'l'lO
894 415 1080 477 GRl'l'lCA.

341 570 414 638 cod.
438 569 610 636 lectionem
626 562 818 650 ἑνιπλήσαιο
834 572 896 655 μὲν
909 567 994 648 ἴσως,
1017 591 1111 657 quam
1125 573 1171 636 ita
1185 569 1349 661 intelligo:

341 681 609 770 quemadmodum
637 681 696 747 tibi
717 682 798 746 haec
818 679 905 746 dona
933 679 1134 762 dedicamus,
1162 685 1283 771 pariter
1311 694 1348 750 tu

341 804 470 862 nostras
492 815 603 859 manus
626 792 767 881 impleas.
820 794 971 858 Fortasse
996 802 1102 859 tamen
1124 803 1214 860 totus
1235 817 1348 862 versus

342 909 386 972 ita
408 904 611 972 scribendus:
640 895 699 987 ὦν,
724 903 877 993 χερνᾶτις
895 898 1048 984 Ἀθάνα,
1073 901 1265 986 iniuideam
1287 910 1349 992 μὲν

341 1013 445 1095 ἱστός.
490 1018 639 1083 Minerva
658 1017 810 1103 χερνῆτις
832 1015 942 1081 eadem
965 1037 1048 1103 quae
1069 1012 1201 1102 ἐργάνη.

428 1129 482 1194 IX.
520 1131 579 1194 Vs.
601 1131 621 1194 l
645 1127 718 1194 cod.
742 1127 954 1220 φιλολαιδεω,
978 1126 1066 1215 quod
1088 1148 1155 1194 non
1176 1138 1265 1194 recte
1286 1131 1348 1194 viri

342 1240 431 1307 docti
453 1244 487 1306 in
512 1235 708 1325 Φιλομήὸεω
730 1248 900 1304 mutarunt.
950 1240 1024 1305 Hoc
1045 1241 1129 1305 enim
1149 1260 1283 1319 nomen,
1311 1251 1349 1308 ut

342 1354 449 1418 omnia
470 1350 526 1417 illa
549 1354 583 1417 in
604 1351 713 1436 μηὸης
731 1350 918 1431 desinentia,
939 1345 1114 1436 Διομήδης,
1135 1347 1349 1438 Λυκομήδης,

341 1459 499 1549 Εὐμήδης
514 1463 584 1541 alia,
600 1465 715 1527 tertiae
731 1461 954 1528 declinationis
968 1462 1059 1551 leges
1072 1466 1223 1549 sequitur.
1250 1463 1349 1552 Apud

341 1575 492 1640 Dioscor.
514 1573 610 1639 Anth.
638 1573 706 1640 Pal.
729 1576 804 1654 XII,
826 1576 870 1641 32
897 1595 958 1662 pro
982 1575 1017 1640 Γ
1013 1569 1182 1660 ανυμήδου
1207 1576 1349 1642 scriben-

342 1684 418 1751 dum
439 1681 666 1771 Γανυμήδους.
718 1685 838 1772 Scripsi
863 1688 961 1774 igitur
986 1680 1178 1770 Φιλολᾴὸεω
1201 1708 1221 1750 a
1246 1687 1349 1753 Φιλο-

341 1797 460 1874 tettae
480 1795 534 1861 vel
552 1792 751 1881 Φιλολᾴδας.
789 1798 837 1862 lta
858 1792 1051 1881 Νικολᾴὸας
1071 1796 1170 1862 habes
1192 1797 1278 1885 apud
1300 1799 1349 1864 si-

341 1907 502 1975 monidem
516 1907 613 1973 Anth.
634 1907 701 1974 Pal.
716 1910 801 1988 ΧΠΙ,
817 1910 859 1974 19
882 1917 915 1973 et
936 1911 970 1972 in
985 1908 1081 1974 titulo
1103 1908 1190 1996 apud
1202 1909 1347 1976 Boeclrlr.

342 2020 428 2088 C.l.
457 2023 488 2101 l,
509 2044 542 2108 p.
565 2022 629 2086 707
652 2042 683 2085 n.
708 2022 812 2101 1533,
833 2023 863 2088 7.
909 2015 1086 2104 Νεολᾴὸας
1107 2019 1194 2108 apud
1216 2022 1349 2109 Antipa-

341 2143 424 2199 trum
443 2133 540 2198 Anth.
555 2130 622 2196 Pal.
637 2133 697 2214 VI,
713 2134 787 2198 199.
824 2132 1061 2209 Μνασιλαΐδας
1082 2136 1115 2197 in
1138 2131 1239 2198 titulis
1261 2133 1349 2221 apud

341 2245 484 2311 Boeclrh.
509 2243 610 2331 Corp.
632 2245 731 2310 lusor.
755 2245 784 2324 1,
806 2267 838 2331 p.
861 2245 927 2309 815
949 2265 981 2307 n.
1005 2245 1105 2323 1689,
1129 2246 1151 2310 3
1175 2253 1207 2310 et
1228 2268 1259 2332 p.
1281 2246 1347 2312 865

341 2378 373 2422 n.
400 2359 491 2433 1776,
514 2358 544 2421 2.
579 2352 831 2444 Ἀριστολιτΐὸας
851 2354 916 2420 vol.
930 2355 970 2434 Π,
993 2378 1023 2442 p.
1040 2357 1083 2422 34
1106 2378 1137 2422 n.
1154 2357 1250 2422 1896.
1270 2353 1348 2422 Ἀλ-

341 2468 491 2546 satanae
511 2467 576 2533 vol.
600 2469 630 2548 1,
654 2491 687 2555 p.
709 2469 775 2534 693
797 2489 829 2532 n.
853 2468 948 2532 1489.
994 2467 1048 2532 Sic
1070 2471 1154 2534 enim
1174 2467 1348 2557 legendum

341 2601 403 2667 pro
423 2575 628 2658 Ἀλκιλάδας,
650 2581 684 2644 in
706 2600 770 2666 quo
789 2577 973 2644 Alcidamae
994 2599 1113 2644 nomen
1135 2578 1236 2646 latere
1257 2590 1349 2667 puta-

342 2692 399 2757 bat
420 2690 614 2756 Boeckhius.
660 2688 712 2756 Ad
736 2689 869 2756 eandem
889 2711 1033 2756 normam
1054 2690 1255 2758 Σαολαΐδεω
1276 2692 1348 2759 red-

342 2801 483 2869 dendum
504 2802 672 2889 Sapphoni
693 2801 789 2868 Anth.
803 2800 870 2868 Pal.
888 2804 943 2882 Vl,
965 2805 1031 2868 269
1052 2823 1114 2890 pro
1138 2802 1226 2868 edito
1249 2803 1348 2870 Σαο-

342 2915 470 2980 ναΐὸεω.
505 2912 576 2978 Alia
600 2913 742 3002 exempla
761 2914 835 2979 vide
851 2913 935 3002 apud
950 2913 1091 2980 Lobeck.
1105 2914 1208 2981 Paral.
1224 2940 1255 3004 p.
1270 2919 1346 2982 229.

344 3028 446 3092 Etiam
470 3025 602 3113 simplex
616 3021 742 3109 Λᾴὸας
763 3024 817 3090 vel
830 3025 967 3103 Λαῒδας
986 3026 1085 3092 habes
1099 3029 1133 3092 in
1148 3027 1244 3093 titulo
1260 3028 1347 3116 apud

343 3135 487 3203 Boeckh.
510 3138 534 3217 l,
556 3161 588 3224 p.
604 3139 670 3204 833
690 3159 721 3202 n.
738 3139 839 3216 1710,
862 3140 883 3203 6
907 3147 940 3202 et
953 3133 1114 3216 liutoldus
1134 3138 1211 3204 ibid
1233 3164 1265 3227 p.
1281 3142 1346 3207 827

343 3272 374 3314 n.
395 3250 487 3327 1792,
510 3251 562 3315 18.
597 3249 706 3314 Minus
727 3257 816 3314 recte
829 3243 954 3326 Λάδας
975 3270 1035 3338 pro
1049 3245 1174 3335 Λᾴὸας
1195 3255 1348 3340 scriptum

345 3370 393 3426 est
414 3363 449 3425 in
472 3363 571 3450 epigr.
595 3360 690 3426 Auth.
712 3360 802 3426 Plan.
816 3363 886 3425 Jar.
903 3361 960 3441 lV,
981 3363 1024 3429 53
1044 3371 1081 3427 et
1101 3363 1154 3441 51,
1176 3384 1226 3450 ap.
1249 3364 1348 3429 Maxi-

343 3495 428 3538 mum
448 3495 483 3538 rr.
505 3495 576 3537 κατ.
599 3474 665 3539 429
688 3472 898 3561 pluribusque
921 3473 1002 3539 locis
1024 3474 1210 3541 Pausaniae.
1250 3477 1309 3541 Vs.
1327 3479 1347 3542 7

345 3582 416 3650 cod.
437 3578 602 3650 πανάτιδι.
641 3584 756 3673 Inepte
779 3587 924 3673 Toupius
946 3580 1161 3667 Πιτανάτιδι,
1184 3609 1277 3673 quem
1302 3597 1349 3653 te-

344 3716 431 3761 mere
455 3705 610 3782 sequutus
639 3710 688 3762 est
710 3697 900 3763 Brunckius.
949 3699 1052 3764 Recte
1079 3697 1160 3763 illud
1182 3697 1349 3764 Minervae

345 3806 471 3894 opificis
498 3828 679 3896 cognomen
708 3831 777 3875 csse
806 3810 961 3876 intellexit
983 3810 1125 3876 Grotius.
1171 3809 1237 3877 Sed
1265 3810 1349 3898 fugit

345 3921 432 3984 viros
461 3918 576 3985 doctos
597 3921 681 3987 idem
704 3922 766 3986 hoc
788 3943 907 3988 nomen
929 3922 970 3988 de
992 3922 1141 3987 Minerva
1168 3919 1233 4010 legi
1262 3922 1350 4009 apud

346 4031 513 4097 Aelianum
535 4033 574 4096 H.
599 4039 636 4098 A.
651 4034 707 4113 Vl,
729 4037 771 4101 57
795 4031 837 4101 οὐ
856 4029 961 4122 μόνον
982 4035 1018 4101 δὲ
1040 4026 1108 4123 ἄρα
1128 4023 1218 4114 ἦσαν
1239 4029 1348 4122 ὑφαν-
