3028 4826
509 470 828 534 conmortuus.
1120 478 1170 532 191

462 664 639 718 mouimus
658 665 716 717 Pal.
730 665 797 733 vn,
817 661 877 716 118.

220 771 288 843 Τόν
308 777 428 842 Κιτιέα
451 773 591 859 Ζήνωνα
611 780 734 845 θανεῖν
755 771 853 862 λόγος
875 774 918 853 ὡς
939 769 1002 843 ὑπό
1025 771 1133 864 γήρως

257 882 364 954 πολλὰ
386 883 501 974 καμὼν
522 885 643 970 ἐλύθη,
665 893 697 956 ολ
719 891 753 955 δὲ
776 892 882 974 μένων
905 881 1026 968 ἄσιτος,

215 1003 246 1067 οἱ
269 997 300 1065 d'
319 995 371 1066 ὅτι
392 997 590 1091 προσκόψας
610 997 685 1067 ποτ’
704 1001 768 1088 ἐφη
786 1001 859 1088 χερὶ
872 1005 982 1084 Ιγαῖαν
1003 996 1151 1082 σἰλοήσας

257 1113 393 1198 ἔρχομαι
416 1105 604 1197 αὐτόματος
626 1107 680 1192 δή,
702 1113 735 1176 τί
756 1134 805 1197 με,
828 1112 861 1176 τί
881 1135 922 1197 με
944 1112 1070 1193 καλεῖςς

171 1246 314 1312 Alterum
337 1245 495 1312 distichon
518 1249 650 1312 accessit
672 1269 709 1312 ex
730 1246 883 1335 Diogene
904 1246 1010 1312 Laert.
1025 1246 1097 1326 Vll,
1118 1249 1171 1313 31.

170 1357 455 1445 Corruptissimam
478 1362 679 1446 poemation,
708 1357 795 1445 quod
824 1351 977 1444 adscripsi
999 1367 1034 1423 ut
1056 1358 1173 1447 legitur

169 1473 204 1536 in
233 1470 375 1535 editione
403 1469 561 1558 Diogenis
589 1469 804 1549 Hiibneriani,
831 1472 977 1534 tractavit
1000 1469 1171 1535 Jacobsius

160 1567 211 1645 ¹ad
239 1582 269 1645 h.
292 1579 314 1645 l.
344 1590 377 1646 et
404 1581 603 1662 Hermannus
633 1582 737 1647 Praei.
759 1581 858 1670 Diog.
885 1579 951 1647 vol.
975 1581 1019 1661 ll,
1046 1603 1078 1668 p.
1102 1582 1171 1659 Vll,

170 1702 286 1758 neuter
308 1695 384 1757 satis
406 1691 557 1773 feliciter,
578 1696 641 1758 nisi
663 1693 750 1780 quod
773 1703 915 1780 quartum
937 1713 1065 1758 versum
1085 1702 1171 1757 recte

169 1805 371 1868 Hermannus
394 1825 432 1868 ex
455 1803 548 1868 codd.
571 1805 730 1894 Diogenis
751 1808 797 1870 ita
819 1806 957 1891 scripsit:

326 1915 462 2002 ἔρχομαι
483 1911 685 2002 αὐτόματος·
708 1919 741 1982 τί
762 1909 803 1996 δὴ
825 1914 935 1991 καλεῖς
955 1936 1013 1999 μες

171 2027 275 2111 Atque
305 2024 346 2090 ad
359 2103 362 2109 ¹
375 2026 507 2092 eandem
529 2030 621 2092 metri
642 2031 779 2115 speciem
807 2029 900 2092 etiam
923 2024 1081 2091 secundus
1103 2048 1172 2091 ver-

171 2119 225 2203 sus
253 2137 454 2203 revocandus
484 2148 541 2205 est.
587 2137 723 2205 Fallitur
754 2141 838 2204 enim
865 2138 1064 2202 Hermannus
1092 2137 1172 2203 Dio-

171 2252 263 2338 genis
284 2249 385 2314 verba
413 2227 564 2335 (εέπομεν
586 2247 630 2327 ὡς
652 2245 800 2317 ἐτελεύτα
822 2246 841 2315 ὁ
864 2243 980 2329 Ζήνων
1001 2249 1059 2313 καὶ
1079 2245 1172 2332 ἡμεῖς

170 2366 206 2426 ἐν
233 2362 273 2451 τῇ
299 2364 498 2449 παμμέτρῳ)
527 2361 568 2426 ad
590 2363 653 2426 hoc
674 2383 771 2427 unum
801 2383 926 2427 carmen
948 2359 1105 2438 referens,
1135 2381 1172 2423 ex

170 2474 273 2559 iisque
296 2474 468 2537 coniiciens
490 2472 612 2538 nullum
629 2495 754 2538 versum
777 2472 893 2538 debere
907 2471 992 2538 idem
1014 2493 1084 2566 cum
1107 2469 1170 2534 alio

169 2593 303 2648 metrum
332 2582 461 2648 habere.
506 2585 547 2647 V.
571 2587 697 2675 Fragm.
727 2607 807 2650 com.
836 2603 940 2673 graec.
963 2584 1020 2664 lV,
1041 2606 1073 2670 p.
1095 2583 1171 2648 386.

170 2695 225 2760 Sic
245 2699 343 2784 igitur
364 2692 578 2761 scribendum:

219 2799 288 2872 Τόν
308 2806 411 2872 Κιτιεῖ
433 2800 574 2886 Ζήνωνα
595 2809 717 2874 θανεῖν
738 2803 835 2894 λόγος
858 2805 901 2884 ὡς
920 2800 985 2873 ὑπὸ
1006 2800 1115 2892 γήρως

256 2911 365 2983 πολλὰ
386 2911 501 3003 καμὼν
522 2914 629 2999 ἐλύθη
650 2922 757 3004 μένων
779 2913 908 2996 ἄσιτος·

214 3031 246 3093 οἱ
269 3026 298 3094 δ’
319 3024 371 3095 ὅτι
391 3024 590 3122 προσκόψας
610 3027 685 3097 ποτ’
704 3031 768 3121 έφη
787 3033 859 3119 χερὶ
880 3029 946 3114 γᾶν
967 3022 1131 3107 ἀλοήσας·

258 3143 395 3229 ἐρχομ-αι
416 3138 619 3228 αὐτόματος·
645 3144 678 3207 τί
699 3137 740 3222 δὴ
762 3145 872 3219 καλεῖς
891 3165 951 3227 με,·

171 3253 347 3316 Veritatem
376 3252 606 3319 emendationis
635 3257 705 3342 ipse
734 3253 876 3321 ostendit
902 3252 1084 3340 Diogenes,
1117 3254 1171 3337 qui

171 3346 266 3449 quum
294 3360 322 3447 §.
345 3365 389 3427 28
411 3385 457 3450 sq.
487 3365 566 3430 haec
595 3368 784 3453 scripsisset:
813 3358 963 3430 ἐτελεύτα
991 3359 1031 3443 δὴ
1055 3357 1170 3439 οὕτως·

170 3478 206 3538 ἐκ
233 3476 292 3552 τῆς
321 3474 441 3559 σχολῆς
468 3470 574 3542 ἀπιόν
596 3482 813 3565 προσέπταισε
841 3476 897 3542 καὶ
924 3467 984 3539 τὸν
1012 3468 1171 3540 δάκτυλον

171 3583 373 3673 περιέρρηξε·
403 3587 528 3662 παύσας
557 3587 591 3652 δέ
618 3583 679 3668 τὴν
706 3590 770 3674 γῆν
797 3587 837 3677 τῇ
860 3587 934 3674 χερὶ
957 3587 1041 3677 φησὶ
1067 3579 1108 3651 τὸ
1137 3591 1172 3650 ἐκ

171 3698 230 3775 τῆς
254 3691 384 3781 Νιόβης
405 3697 585 3783 ιςέρχομαι·
613 3701 647 3764 τέ
672 3697 709 3785 μ’
728 3693 858 3782 αύεις,·“
887 3699 942 3764 καὶ
969 3698 1172 3785 παραχρῆμα

171 3801 376 3888 ἐτελεύτησεν
397 3804 581 3888 ἀποπνίξας
601 3805 732 3889 ἑαυτόν,
761 3821 875 3898 postea
896 3808 925 3895 ἓ.
948 3811 989 3875 31
1015 3811 1171 3896 apposito,

172 3919 260 4004 quod
281 3941 368 3985 nune
388 3923 602 4002 tractavimus,
625 3923 864 4011 epigrammate,
885 3926 930 3989 ita
951 3923 1070 4009 pergit:
1092 3921 1171 3985 ἐνιοι

171 4023 236 4119 γὰρ
258 4033 314 4098 καὶ
335 4033 453 4099 τοῦτον
474 4025 535 4099 τόν
555 4027 680 4122 τρόπον
702 4033 891 4114 τελευτῆσαί
912 4053 1017 4124 φασιν
1038 4026 1148 4098 αύτύν.
1232 4087 1235 4092 .
