3026 4816
445 456 705 519 honorario
729 457 917 518 cultior.
1135 463 1188 518 149

267 612 306 677 11.
345 609 502 676 Simonidi
525 611 635 676 tribuit
652 609 821 676 Planudcs.
857 613 951 678 vna
973 613 1090 676 retinui
1113 612 1184 677 cod.

180 722 361 788 lectionem.
397 720 487 786 Plan.
510 731 604 788 τοῖον
624 714 787 802 Ξενοκλῆς
802 715 867 809 γὰρ
882 717 900 787 ὁ
915 723 1065 799 Λίνδιος.
1106 723 1187 788 Bro-

181 834 279 898 daeus
310 843 344 898 et
370 831 551 898 Bruuclriua
580 840 672 898 τοῖον
693 824 869 912 Ξεινοκλῆς
895 825 960 917 γὰρ
989 829 1009 897 ὁ
1033 833 1184 910 Λίνδιος.

179 946 244 1009 Aut
265 944 328 1009 hoc
348 942 557 1031 probandum,
580 954 634 1009 aut
656 942 744 1031 quod
766 941 872 1007 malim
893 949 987 1008 τοῖον
1002 937 1066 1029 γὰρ
1083 939 1185 1016 Ξενο-

179 1056 259 1136 κλῆς
279 1050 354 1120 τόδε
375 1055 526 1133 Λίνδιος.
567 1053 661 1141 Quae
682 1053 855 1120 Jacohsius
877 1054 1055 1142 productae
1077 1054 1184 1120 brevia

180 1181 325 1268 syllabae
345 1192 420 1250 aute
440 1167 620 1269 lexempla
636 1180 740 1260 alfort,
762 1183 809 1262 iis,
832 1203 928 1268 quum
942 1179 1073 1246 brevem
1088 1179 1184 1268 sylla-

179 1291 252 1358 bam
274 1295 309 1357 in
332 1295 394 1357 arsi
415 1293 568 1372 habeant,
590 1291 669 1356 nihil
693 1291 839 1358 eflicitur.

265 1404 318 1469 De
333 1403 497 1492 Antagora
511 1402 651 1481 Rhodio,
675 1405 764 1468 cuius
784 1405 904 1469 utinam
921 1401 1015 1490 plura
1031 1405 1184 1492 epigram·

178 1523 261 1578 mata
283 1524 499 1601 superessent,
528 1514 624 1580 docte
646 1513 864 1580 disseruerunt
885 1512 1101 1580 Schneiderus
1122 1514 1182 1579 Pe-

178 1627 233 1690 ric.
257 1628 326 1691 crit.
345 1649 378 1713 p.
398 1627 459 1692 130
482 1635 515 1690 et
527 1625 699 1690 Jacobsius
715 1623 819 1690 Catal.
834 1626 926 1690 Poet.
943 1625 1043 1712 epigr.
1058 1648 1090 1712 p.
1106 1626 1180 1690 843.

178 1735 326 1823 Quorum
349 1739 466 1802 notatis
488 1736 566 1802 nihil
586 1736 673 1823 quod
695 1735 809 1801 addam
823 1735 938 1816 habeo,
958 1737 1021 1800 uisi
1042 1738 1077 1800 in
1093 1757 1183 1824 egre-

177 1850 233 1936 gio
264 1849 403 1914 carmine
431 1846 518 1936 quod
547 1848 806 1936 scrvavitDiog.
828 1848 933 1912 Laert.
956 1846 1079 1926 1v,2r
1107 1851 1183 1912 scri-

178 1957 319 2024 bendum
346 1979 430 2026 esse:

218 2066 275 2134 Ἐν
297 2069 370 2160 δοιῇ
390 2093 449 2156 μοι
471 2065 596 2155 θομός,
618 2071 687 2136 ἐπεὶ
707 2074 801 2155 γένος
823 2063 1044 2160 ἆμφιβόηεον,

220 2173 244 2260 ἥ
266 2199 303 2246 σε
325 2181 418 2246 θεῶν
438 2174 498 2247 τὸν
518 2182 649 2268 πρῶτον
670 2178 855 2266 ἀειγενέων,
871 2173 982 2268 Ἔρος,
1005 2178 1092 2247 εἴπω.
1116 2218 1157 2233 -

177 2291 289 2381 Vulgo
314 2291 419 2358 editur
440 2287 460 2358 ὅ
481 2315 534 2358 τοι
547 2296 649 2378 γένος,
672 2291 760 2380 quod
781 2300 869 2357 recte
884 2290 1086 2358 emendatum
1109 2314 1179 2359 esse

178 2403 275 2469 docet
295 2405 428 2469 imitatio
452 2402 641 2471 Callimachi
662 2405 704 2468 H.
725 2406 759 2469 in
780 2405 855 2469 Jov.
878 2405 910 2469 5.
935 2406 972 2468 ὲν
994 2403 1067 2494 δοιῇ
1086 2399 1180 2488 μάλα

178 2511 306 2600 θυμός·
337 2517 406 2582 ἐπεὶ
434 2508 655 2604 ἀμφήριστον.
706 2515 771 2580 Pro
800 2507 1027 2604 ἀμφιβόητον,
1055 2517 1118 2579 nisi
1145 2514 1180 2579 id

178 2647 264 2691 nove
286 2624 404 2692 dictum
428 2637 476 2691 est
496 2647 556 2713 pro
579 2624 817 2714 ambiguum,
845 2625 984 2691 fortasse
1006 2621 1179 2715 ἀμφίσβη-

177 2758 237 2802 τον
258 2736 469 2803 scribendum.

365 3037 655 3103 nummus
676 3037 989 3102 nucumve.

264 3170 289 3234 1.
322 3169 507 3256 Apollinem
528 3177 677 3258 precatur
691 3179 790 3257 pocta
807 3179 843 3235 ut
857 3170 998 3252 condito,
1020 3190 1085 3257 quo
1100 3170 1179 3236 Por-

177 3281 369 3367 phyrionem
390 3284 594 3361 interfecerit,
616 3279 683 3346 telo
698 3303 768 3346 eam
782 3302 868 3346 nunc
881 3292 1008 3369 promat
1023 3284 1178 3371 sagittam,

177 3413 259 3479 quae
280 3396 430 3459 iuvenum
452 3395 574 3460 animos
596 3395 719 3479 patriae
741 3413 849 3458 amore
873 3404 905 3460 et
920 3396 1047 3459 virtutis
1069 3391 1176 3459 studio

176 3504 336 3570 incendat.
380 3506 438 3569 Vs.
463 3507 482 3570 l
511 3503 693 3570 Bruuclriua
714 3505 748 3570 Γ
744 3508 878 3590 ι’γοιντος
899 3505 1023 3582 σθένος
1051 3503 1092 3571 de
1113 3506 1178 3592 Py-

177 3616 276 3681 thone
298 3619 540 3704 interpretatur,
569 3638 650 3702 quae
672 3618 700 3681 si
720 3638 798 3682 vera
819 3627 905 3683 esset
925 3616 1106 3704 explicatio,
1129 3639 1176 3681 sa-

176 3729 217 3791 tis
253 3727 431 3794 insolenter
456 3727 646 3794 Phaedimus
675 3726 825 3817 Gigantis
858 3731 989 3794 nomine
1024 3749 1099 3794 usus
1128 3744 1176 3792 es-

177 3849 237 3903 set.
273 3840 405 3905 Rectius
427 3843 525 3929 igitur
545 3849 674 3927 poetam
696 3838 737 3903 ad
751 3839 1046 3929 Gigantamachiam
1068 3861 1196 3926 respa„

164 3953 259 4030 ¹risse
289 3951 390 4033 dicas,
425 3955 460 4017 iu
488 3972 550 4039 qua
577 3949 762 4039 Apollinem
787 3953 1019 4040 Porphyrionis
1047 3953 1176 4018 interle-

176 4072 296 4128 ctorem
319 4065 460 4131 extitisse
480 4062 577 4129 tradit
599 4062 755 4129 Pindarus
777 4064 871 4152 Pyth.
893 4065 981 4143 Vlll,
1005 4065 1055 4130 12.
1098 4063 1176 4127 llllox
