3028 4826
494 443 811 506 conlocarunt.
1099 449 1153 504 2⁰9

154 601 244 666 ναι.
289 599 403 686 reque
426 579 518 664 anter
538 596 748 665 Dioscorus
769 597 825 679 vr,
846 597 913 666 mo
933 597 994 664 τοι
1015 597 1050 664 ει
1071 597 1153 665 stov

154 705 277 799 ὤρουσε
298 703 384 778 κατὰ
406 705 531 796 στιβόν.

441 977 642 1030 ,trimam
658 977 717 1028 Pal.
731 976 785 1045 Vl,
802 973 864 1028 276.

194 1089 245 1156 ‘H
261 1086 427 1180 πολύθριξ
442 1084 548 1168 ὀὔλας
567 1067 754 1171 Ιοἰνεδήσατο
774 1090 947 1178 παρθένος
961 1083 1061 1170 Ἵππη

237 1205 371 1289 χαίτας,
394 1197 496 1282 εὐώδη
520 1204 708 1288 σμηχομίνη
730 1196 917 1293 κρόταφον·

197 1307 262 1395 ήδη
283 1309 403 1401 μοίρόί
423 1313 551 1394 ἐπῆλθε
573 1307 682 1397 γοίμου
703 1312 812 1390 τέλος·
835 1316 871 1379 αί
893 1308 924 1378 δ’
942 1314 996 1378 ἐπὶ
1016 1294 1125 1405 κούρῃι

241 1426 355 1514 μίτραι
374 1424 563 1511 παρθενίας
584 1426 735 1510 αίτίομεν
752 1419 899 1510 χάριτας.

191 1530 342 1622 Ἄρτεμι,
365 1536 405 1626 σῇ
427 1530 457 1600 d’
476 1528 580 1615 ίότητι
600 1528 707 1619 γοίμος
727 1531 768 1598 θ’
787 1529 859 1620 ἅμα
879 1535 937 1602 καί
954 1538 1049 1620 γένος
1070 1531 1120 1616 είη

240 1648 281 1734 τῇ
302 1646 521 1730 Λυκομήδείῳ
541 1647 637 1711 παιδί
659 1641 921 1737 φιλαοτραγοίλῃ.

154 1794 261 1857 Versu
288 1795 393 1879 primo
421 1786 607 1872 ἀνεδήσατο
627 1794 716 1856 varie
742 1801 903 1858 tentarunt
930 1795 1041 1859 critici.
1086 1792 1154 1859 Sal·

152 1906 268 1968 masius
296 1897 497 1984 οίνεθήκατο.
540 1902 711 1969 Jacobsius
731 1899 898 1987 ήμήσατο,
922 1904 1009 1991 quod
1030 1904 1090 1971 illo
1111 1904 1153 1971 ad

154 2017 343 2080 sententiam
376 2017 490 2102 aptius.
553 2017 678 2080 Forsan
711 2010 908 2095 ἀπεθήκατο
942 2014 1153 2104 scribendum,

155 2124 204 2190 cll.
227 2125 409 2213 sapphonis
436 2125 511 2192 loco
535 2127 630 2194 Anth.
653 2125 720 2191 Pal.
740 2127 814 2205 vn,
838 2128 903 2192 489
931 2127 1076 2212 νεοθᾶμι
1103 2146 1154 2193 σι-

155 2233 244 2323 δήρῳ
266 2232 374 2316 ἅλικες
395 2231 532 2324 ἱμερτὰν
552 2230 673 2325 κρατὸς
693 2238 813 2302 ίθενεο
835 2231 951 2321 κόμαν.
988 2239 1084 2302 Vsa
1105 2259 1154 2302 re-

154 2358 204 2414 cte
226 2348 376 2414 Reiskius
398 2349 512 2440 αουρῇ,
533 2348 592 2415 sed
613 2347 696 2414 male
717 2347 751 2414 id
774 2347 815 2414 de
838 2351 976 2414 caesarie
998 2351 1154 2436 interpre-

153 2469 250 2536 tatur;
279 2464 315 2525 αί
337 2461 390 2526 ἐπὶ
411 2462 511 2551 κονρῇ
530 2461 645 2549 μίτραι
672 2469 746 2525 sunt
773 2463 884 2527 mitrae
906 2459 1099 2526 matronales
1120 2463 1154 2525 in

154 2568 309 2636 detonsae
337 2591 447 2636 comae
482 2571 588 2637 locum
621 2571 837 2638 succedentes.
893 2573 957 2637 Eas
984 2571 1153 2658 loquentes

153 2692 251 2768 poeta
272 2681 402 2774 inducit
445 2683 618 2769 Sequentia·
638 2685 828 2772 παρθενίας
848 2687 998 2768 αὶτέομεν
1015 2677 1154 2770 χοίριτας

155 2793 290 2858 obscura
312 2802 395 2858 sunt.
427 2797 525 2860 Vsd
547 2790 800 2884 φιλαοτραγοίλη
820 2797 947 2860 minimo
969 2802 1078 2880 aptum
1092 2795 1154 2857 vir-

153 2907 237 2993 ginis
259 2914 416 2991 nupturae
433 2907 598 2992 epitheton
620 2927 690 2972 esse
704 2906 861 2972 intellexit
873 2904 1054 2971 Jacobsius.
1087 2903 1153 2969 Sed

153 3019 256 3081 minus
279 3025 366 3082 recte
390 3019 519 3082 coniicit
544 3018 651 3094 Φίλας
678 3014 708 3083 τ’
727 3015 834 3108 ἀταλῇ
855 3016 909 3082 vel
930 3012 1152 3107 φιληλακοίτῳ.

154 3126 309 3214 Suspicor
323 3123 572 3220 λιπαστραμοίλῃ
585 3129 639 3193 vel
653 3126 917 3216 λιπαστραγοίλῳ.
948 3126 1048 3214 Quod
1059 3131 1154 3215 aptis·
1241 3207 1245 3216 Ι

154 3241 231 3303 sime
262 3238 302 3303 de
330 3238 439 3326 puella
462 3238 591 3320 dicitur,
620 3261 701 3327 quae
723 3244 825 3307 missis
847 3237 1028 3328 crepundiis
1049 3242 1155 3326 pueri-

153 3350 237 3415 libus
266 3352 498 3415 matrimonium
529 3353 646 3418 initura
676 3361 732 3418 est
782 3355 859 3420 Non
886 3371 1003 3440 pueros
1033 3360 1154 3417 tantum

140 3459 211 3526 'sed
240 3464 334 3526 etiam
362 3461 486 3547 puellas
516 3463 588 3527 talis
611 3463 787 3529 oblectatae
816 3485 886 3529 esse
907 3473 1035 3550 praeter
1055 3465 1155 3528 notis

154 3575 262 3636 simam
285 3576 439 3659 picturam
461 3575 687 3661 Pompeianam
716 3585 749 3641 et
776 3575 839 3641 alia
861 3578 938 3641 artis
961 3595 1060 3662 opera
1081 3574 1153 3639 talis

152 3683 300 3749 ludentes
328 3686 469 3774 virgines
500 3687 680 3753 exhibentia
708 3686 805 3753 docet
830 3689 1002 3754 Pausanias
1024 3688 1086 3764 vi,
1109 3686 1153 3750 24

153 3791 383 3883 ἀστραγάλους
404 3799 581 3885 μειρακίων
601 3799 658 3864 καὶ
673 3800 853 3884 παρθένων
867 3792 1009 3887 ἄθυρμα
1022 3817 1152 3863 vocans.
1208 3868 1211 3874 ,

154 3906 224 3974 cfr.
246 3910 393 3996 Propert
415 3909 454 3989 11,
472 3911 522 3991 18,
544 3887 586 3976 dl
611 3920 649 3975 et
670 3913 782 3996 cupit
802 3912 947 3976 iratum
969 3908 1075 3975 talos
1097 3929 1154 3972 me

153 4040 327 4106 poscere
351 4020 535 4087 eburnos.
584 4020 632 4087 lb.
655 4021 873 4107 Λνκομηδείῳ
896 4043 934 4088 ex
955 4019 1054 4087 Suida
1074 4042 1100 4086 s
1122 4043 1153 4086 v.

911 4135 952 4200 14
