3026 4816
340 437 392 494 lla
603 431 864 492 annornm
887 433 1074 494 culmen.

339 588 387 654 dit
407 589 525 674 τορέες.
576 584 642 652 Sed
664 589 774 676 τορέες
795 597 1082 654 commemorantur
1109 609 1156 652 vs.
1177 589 1209 654 8.
1254 591 1344 656 Nihil

338 702 472 766 tentavit
498 695 687 774 Jacobsius3
723 697 857 765 aliorum
892 703 1092 766 coniecturas
1120 701 1224 766 sciens
1253 723 1345 788 prae-

337 821 439 878 tereo.
492 809 575 874 Mihi
603 831 714 876 verum
741 811 870 878 videtu
898 811 986 898 quod
1013 813 1146 898 reposui
1172 806 1282 878 aeliam
1309 816 1344 879 οἱ

336 923 465 1010 ταχινοὶ
492 921 653 1011 fiuntcc,
681 923 701 987 i.
726 943 753 988 e.
781 921 915 1010 rapidi
942 922 1147 1013 lignorum
1175 933 1343 991 vorato—
1440 968 1442 972 -

336 1057 414 1115 res,
436 1032 551 1121 quibus
565 1032 672 1098 verbis
693 1013 842 1100 macinas
865 1034 1003 1101 describi
1021 1045 1165 1123 apertum
1185 1045 1242 1115 est
1262 1058 1342 1124 quas

337 1148 471 1212 omissas
499 1165 571 1210 esse
592 1147 626 1210 in
647 1144 731 1210 fabri
752 1145 879 1235 lignarii
905 1150 1186 1213 instrumentorum
1207 1169 1343 1214 recensu

337 1279 535 1346 nequaquam
563 1257 717 1323 credibile
745 1267 803 1323 est.
846 1257 1050 1324 Vocabulum
1071 1252 1190 1346 βορεὺς
1212 1258 1342 1325 aliunde

258 1423 260 1432 r
337 1391 406 1435 non
428 1371 600 1458 cognitum,
623 1379 656 1435 at
676 1379 765 1436 recte
786 1369 955 1436 formatum
978 1379 1036 1435 est.

300 1488 303 1495 '
424 1482 467 1546 V.
503 1481 606 1547 Vsa
634 1480 736 1571 vulgo
765 1481 967 1572 πορφυροῦν.
1013 1483 1179 1546 Revocavi
1202 1481 1274 1549 cod.
1297 1483 1343 1549 le-

338 1594 476 1658 ctionem
497 1593 695 1682 πορφυρεῦν.
740 1593 837 1658 Vs.3
864 1592 1033 1678 μηλοῦχον
1055 1594 1211 1681 Toupius.
1256 1593 1342 1687 Cod.

335 1703 506 1790 μελοῠχον.
552 1705 610 1769 Vs.
632 1707 652 1769 6
677 1705 799 1788 γνησία
820 1699 933 1790 Κύπρι
953 1702 1061 1769 multis
1082 1707 1244 1793 variisque
1267 1727 1344 1772 con-

336 1817 466 1881 iecturis
494 1823 648 1881 tentatum
672 1824 729 1880 cst.
774 1814 865 1880 Alios
888 1825 924 1880 ut
944 1819 1071 1896 mittam,
1092 1817 1273 1883 Brunckius
1294 1821 1343 1883 in-

336 1927 567 1993 consideratam
603 1928 723 2015 Toupii
758 1929 990 1993 correctionem
1020 1927 1170 2015 probavit
1198 1929 1342 2010 Κτησία,

336 2037 424 2126 quod
445 2038 524 2104 nihil
546 2047 603 2104 est.
638 2040 709 2104 Nec
729 2038 813 2104 bene
834 2039 1014 2120 Jacobsius,
1039 2041 1093 2126 qni
1114 2042 1256 2124 γνησίαν
1270 2036 1343 2108 Κύ-

334 2173 413 2239 πριν
434 2148 476 2216 de
497 2151 683 2240 legitima
704 2151 835 2215 Venere
856 2153 1096 2238 interpretatur,
1123 2174 1216 2237 quam
1236 2175 1342 2241 vagae

336 2271 370 2326 et
394 2265 514 2328 vetitae
542 2264 667 2350 opponi
697 2264 865 2339 existiman
894 2271 928 2328 at
948 2256 1082 2346 γνήσιος
1104 2283 1172 2328 non
1199 2262 1342 2353 legiti-

335 2395 416 2439 mus
447 2384 509 2455 est,
544 2373 602 2440 sed
636 2377 847 2464 genuinus.
900 2372 1034 2439 Accedit
1062 2373 1151 2461 quod
1180 2379 1341 2463 correptio

334 2485 481 2572 syllabae
509 2495 584 2552 ante
612 2489 733 2571 γνησία
762 2489 796 2551 in
825 2487 982 2574 castigato
1004 2495 1110 2573 poeta,
1133 2486 1235 2573 qualis
1257 2488 1342 2554 Leo-

334 2596 425 2662 nidas
442 2607 499 2678 est,
520 2619 588 2664 non
603 2601 672 2663 sine
688 2597 870 2663 offensione
885 2598 990 2662 fuerit
1024 2598 1105 2663 Mihi
1120 2619 1188 2665 non
1203 2598 1341 2664 dubitari

333 2731 430 2796 posse
458 2709 587 2777 videtur
616 2713 693 2798 quin
720 2709 886 2797 Κρησία
915 2705 1026 2796 Κύπρι
1056 2707 1259 2776 scribendum
1287 2713 1338 2776 sit

333 2822 372 2886 ln
401 2820 500 2886 Creta
528 2844 581 2888 res
611 2824 716 2911 agitur
745 2821 832 2908 apud
859 2821 1036 2887 Leonidam
1065 2825 1159 2888 etiam
1181 2821 1250 2888 aliis
1274 2825 1341 2908 epi-

333 2936 514 3021 grammatis
542 2958 574 3001 v.
603 2958 629 2999 c.
653 2935 710 2999 Vl.
731 2934 785 2999 IX.
837 2934 889 2998 De
911 2933 1024 3021 gentili
1045 2929 1195 3022 Κρήσιος
1216 2956 1246 2999 v.
1269 2934 1341 2999 Ste-

333 3045 457 3132 phanus
480 3047 560 3132 Byr.
582 3071 613 3133 p.
637 3047 703 3112 48⁰
730 3047 787 3112 καὶ
809 3039 958 3133 Κρήσιος
979 3038 1047 3110 ἀπὸ
1069 3046 1129 3112 τοῦ
1150 3040 1253 3133 Κρής.
1283 3046 1341 3111 καὶ

332 3151 486 3245 Koarenda
500 3153 659 3238 θηλυκόν,
680 3157 737 3222 καὶ
752 3156 898 3242 Kotyrta,
914 3157 976 3244 1κοιὶ
990 3151 1151 3244 Κρήσιον.
1183 3156 1342 3246 Κρησίαν

327 3258 484 3357 'librabat
505 3268 603 3334 habes
627 3267 712 3357 apud
734 3267 871 3334 Diodor.
894 3267 955 3333 Sic.
977 3270 1019 3349 V,
1043 3270 1095 3334 77.
1139 3353 1141 3356 Ι

421 3382 479 3446 Vl.
517 3382 612 3446 Vsl
635 3373 696 3447 τὸν
716 3381 850 3465 νομίην,
874 3401 956 3467 qnae
979 3378 1050 3445 cod.
1073 3380 1170 3445 lectio
1193 3387 1250 3459 est,
1271 3377 1341 3444 Sal-

332 3495 464 3572 masius
484 3493 626 3558 mutabat
656 3495 690 3556 in
721 3485 781 3557 τὸν
807 3487 934 3577 μόνιον.
989 3491 1161 3557 Jacobsius
1195 3490 1340 3556 tentabat

332 3598 428 3671 τόνδε
442 3597 550 3689 νομὴν
563 3605 620 3670 καὶ
634 3603 769 3681 ἔπαυλα,
787 3605 888 3692 magis
905 3613 1011 3669 tamen
1025 3603 1169 3692 probans
1183 3603 1340 3667 rationem

332 3714 486 3796 salmasii,
508 3714 566 3780 sed
588 3719 632 3781 ita
655 3724 692 3780 ut
713 3707 828 3799 μόνιος
849 3716 977 3781 nonde
1000 3737 1089 3803 apro,
1111 3712 1170 3780 aed
1194 3712 1235 3779 de
1257 3713 1337 3800 lupo

332 3826 578 3917 intelligendum
600 3805 678 3893 esse
694 3826 824 3892 diceret.
869 3826 951 3891 Mihi
972 3821 1088 3912 μόνως
1110 3847 1172 3892 nec
1195 3824 1236 3890 de
1259 3805 1338 3912 apro

332 3960 393 4004 nec
415 3937 456 4004 de
478 3938 556 4026 lupo
580 3937 644 4005 dici
664 3959 762 4026 posse
781 3936 917 4019 videtur,
940 3939 1002 4003 nisi
1024 3947 1079 4004 aut
1094 3937 1153 4012 σῦς
1175 3945 1230 4002 aut
1244 3931 1341 4013 λύκος

332 4049 473 4117 additum
496 4052 547 4116 sit.
591 4051 704 4140 ltaque
725 4051 864 4137 pronior
885 4071 954 4115 sum
976 4051 1014 4114 in
1032 4051 1172 4138 priorem
1193 4047 1340 4114 Jacobsii

832 4177 837 4183 ·
1268 4180 1341 4224 sen-
