3026 4816
444 461 705 524 honorario
727 460 912 522 carrion.
1129 465 1181 520 141

176 621 272 708 stigia
299 617 461 706 legentem
489 637 561 682 sese
588 626 687 704 poeta
714 617 776 682 iter
804 616 873 681 eius
900 617 1026 686 minime
1050 615 1181 682 turbare

177 729 264 798 dicit.
309 731 388 796 Nou
411 726 508 795 credo
530 729 583 794 hic
603 727 774 816 quidquam
796 737 980 813 corruptum
1003 747 1083 793 csse.
1136 805 1138 809 .

376 1045 620 1106 mommo
641 1043 980 1104 ammam.

265 1177 390 1241 Patriae
417 1176 569 1242 indicium
596 1178 731 1242 accessit
759 1197 797 1241 ex
825 1174 897 1240 cod.
925 1173 992 1240 Pal.
1024 1173 1181 1259 Διοτίμου

174 1285 364 1369 Ἀθηναίου
391 1288 452 1353 τοῦ
472 1286 680 1364 Διοπείθους.
724 1287 847 1352 Auctor
874 1289 971 1376 igitur
999 1286 1090 1351 huius
1113 1307 1181 1350 car-

177 1401 270 1464 minis
292 1399 428 1464 fortasse
449 1396 535 1464 idem
557 1397 613 1484 ille
634 1399 805 1479 Dictimus,
826 1398 990 1485 Diopithis
1012 1396 1106 1476 filius,
1129 1399 1182 1461 cui

176 1511 360 1599 Lycurgum
389 1519 548 1576 oratorem
576 1511 718 1576 honores
740 1509 919 1576 decrevisse
940 1508 1037 1575 tradit
1057 1507 1181 1574 Plutar-

178 1622 254 1688 chus
278 1621 443 1689 decorat.
465 1647 496 1710 p.
512 1625 587 1690 844.
623 1624 714 1686 Vs.2
738 1621 810 1688 cod.
824 1617 987 1705 Atnflnv’.
1021 1622 1070 1686 lta
1085 1623 1180 1686 etiam

177 1735 212 1798 in
235 1734 409 1822 epigraphe
431 1739 476 1812 εὶς
496 1734 668 1819 Λέσβονο.
709 1732 757 1797 Αο
778 1755 855 1798 sane
877 1730 1020 1798 insolens
1042 1735 1101 1797 viri
1123 1752 1181 1797 no-

177 1866 251 1911 meu
280 1854 329 1909 est
349 1845 494 1930 Λέσβος.
545 1844 682 1912 Urbium
704 1853 920 1931 terrarumque
941 1846 1072 1908 nomina
1093 1844 1182 1909 femi-

177 1959 228 2022 nis
249 1958 398 2043 imposita
420 1956 517 2022 baisse
539 1957 684 2045 pluribus
707 1955 858 2045 exemplis
887 1958 1107 2045 cognoscitur,
1135 1956 1182 2019 vi·

176 2069 230 2148 ris,
251 2070 279 2134 si
300 2077 388 2133 recte
410 2071 545 2148 memini,
567 2067 672 2134 nullis.
717 2068 832 2154 Neque
855 2071 922 2134 eius
948 2071 995 2132 rei
1017 2068 1099 2132 ratio
1122 2064 1181 2131 ob-

178 2201 270 2245 scura
292 2187 349 2244 est.
387 2180 519 2246 Frustra
542 2180 691 2246 obvertas
712 2175 889 2266 Κόρινθος
911 2188 944 2243 et
962 2173 1140 2266 Κήρινθος
1161 2199 1180 2240 ο

180 2289 253 2357 Car.
277 2289 386 2357 Keilio
410 2290 546 2379 Specim.
564 2290 750 2359 Onomatol.
769 2311 874 2380 graec.
895 2314 927 2377 p.
942 2291 986 2357 93
1008 2298 1180 2355 memorata

180 2411 212 2468 et
240 2401 302 2467 alia
329 2402 364 2468 id
391 2424 493 2493 genus
524 2403 695 2492 complura.
746 2403 795 2468 Ea
824 2404 907 2468 cuim
934 2403 1068 2467 heroum
1089 2401 1180 2466 fuere

178 2516 320 2594 nomina,
350 2536 368 2579 a
392 2517 505 2602 quibus
527 2518 604 2604 ipsis
632 2515 708 2580 illae
730 2513 825 2580 urbes
852 2513 1075 2579 denominatae
1096 2522 1179 2578 sunt.

178 2625 283 2711 Quem
304 2636 432 2712 poetam
446 2621 574 2712 Σάμοο
593 2636 688 2693 vocat
708 2624 866 2712 Polybius
878 2628 917 2705 V,
933 2627 954 2691 9
970 2635 1003 2691 et
1014 2624 1132 2701 XXIV,
1147 2625 1179 2690 8.

179 2757 250 2803 eum
277 2739 395 2802 rectius
423 2737 610 2804 Plutarchus
638 2739 731 2805 Puer.
761 2737 849 2805 educ.
879 2762 910 2825 p.
933 2739 977 2804 52
1002 2760 1021 2802 c
1050 2745 1083 2800 et
1111 2736 1180 2801 Mc

177 2847 289 2937 leager
310 2847 416 2915 Carm.
438 2850 520 2929 Lll
544 2845 681 2936 Σάμιον
703 2849 876 2937 appellant.
915 2849 1020 2935 Quam
1041 2850 1179 2914 nominis

177 2961 271 3027 huius
299 2961 432 3027 formam
454 2960 547 3026 alteri
574 2962 759 3049 posthabuit
779 2960 943 3039 Reishius,
970 2983 1083 3048 parum
1105 2969 1179 3046 apte

179 3093 366 3158 comparans
382 3067 512 3162 Ἴστρος
534 3085 566 3140 et
588 3075 717 3152 Νεῖλος.
769 3075 821 3138 Ne
843 3069 1024 3150 Καύκασος
1051 3072 1179 3159 quidem

177 3187 239 3248 viri
260 3205 379 3249 nomen
400 3185 499 3251 fuisse
522 3184 619 3251 credo
642 3185 728 3272 apud
742 3186 890 3251 Photium
911 3186 987 3250 Lex.
1010 3208 1042 3272 p.
1058 3186 1133 3264 221,
1147 3186 1178 3250 Θ.

179 3294 267 3382 quod
288 3299 322 3361 in
343 3291 522 3374 Καύκαλος
543 3299 727 3364 mutandum
748 3297 887 3376 videtur,
915 3299 970 3384 qui
991 3297 1053 3362 fuit
1074 3297 1181 3362 Theo-

178 3409 289 3494 pompi
310 3407 454 3473 historici
476 3409 583 3474 irater.
628 3410 670 3475 V.
700 3410 815 3475 Athen.
838 3411 881 3489 X,
903 3431 934 3496 p.
957 3407 1073 3474 4121).
1117 3409 1179 3474 lta-

178 3539 240 3604 que
263 3520 297 3583 in
313 3520 449 3585 Dictimi
469 3519 545 3585 loco
568 3521 688 3587 codicis
709 3521 881 3587 lectionem
895 3520 1107 3586 revocandam
1131 3543 1181 3586 ex-

179 3631 295 3695 istimo.
346 3630 543 3697 Penultimae
571 3631 716 3719 syllabae
739 3637 990 3722 correptionem,
1017 3632 1181 3717 Λέσβονα

177 3763 237 3828 pro
253 3743 431 3828 Λέσβωνα,
453 3745 528 3808 satis
551 3752 659 3810 tuetur
681 3744 870 3812 simillimum
889 3743 1064 3832 exemplum
1079 3745 1180 3809 nomi·

177 3855 228 3918 nis
250 3849 391 3943 Νάρων,
420 3854 508 3941 quod
532 3850 688 3944 Νάρονος
709 3867 822 3923 contra
843 3880 934 3923 usum
955 3857 1104 3922 formavit
1124 3857 1182 3920 Ni·
1213 3849 1216 3854 ’

179 3966 297 4032 cander
319 3967 414 4032 Ther.
437 3969 501 4034 607
524 3968 651 4057 Apibus
673 3970 729 4034 καὶ
750 3964 906 4057 Νάρονος
928 3962 1028 4055 ὄχθη.
1074 3966 1181 4034 Choe-

177 4077 334 4146 roboscus
355 4078 595 4146 Βο11.Αοοο(1.
616 4104 647 4169 p.
665 4083 749 4148 1401
772 4076 907 4170 Νάρων,
928 4075 1097 4169 Νάρωνοε,
1118 4100 1180 4144 πο-
