3028 4826
326 453 380 507 mu
668 444 988 506 conmortuus.

370 595 472 690 άμφω
496 595 525 665 δ’
544 593 783 688 ἀπροφάσιστον
805 592 864 665 τὸν
886 596 995 664 ulzade
1017 591 1139 665 aduror
1161 595 1300 689 ἀφέντες

416 717 544 788 οἰωνοῖς
565 706 721 776 θανάτου
743 711 898 795 λείπομεν
919 706 1085 795 ἀγγελίαν.

327 849 375 914 lta
396 846 477 911 haec
499 844 600 910 edidit
620 844 790 910 Jacobsius
804 845 1008 911 Schaeferum
1031 854 1193 931 sequutus,
1212 845 1333 909 rectius

327 961 467 1025 facturus
490 959 517 1023 si
534 950 679 1048 Σπάρτῃ
701 979 736 1022 τε
750 953 821 1022 ’ίσαι
831 961 925 1044 χέρες
939 960 1126 1044 scripsisset.
1163 954 1246 1023 Cod.
1261 965 1334 1032 τοῖς

322 1065 435 1158 ’Ἀργει
460 1069 669 1157 captaverat
692 1070 794 1153 χέρες.
850 1067 1022 1134 Salmasius
1050 1074 1121 1147 τοῖς
1135 1064 1250 1155 ’Ἀργει
1275 1069 1333 1132 καὶ

327 1176 472 1272 Σπάρτῃ
493 1179 564 1246 icat
581 1183 685 1265 χέρες.
722 1177 855 1244 Codicis
870 1182 1027 1267 scriptura
1041 1181 1210 1245 manifesto
1226 1187 1334 1243 osten-

327 1294 375 1359 dit
395 1291 597 1359 scribcndum
622 1312 706 1355 esse:
735 1297 806 1368 τοῖς
821 1283 936 1379 ’Ἀργει
955 1286 1170 1381 Σπάρτηθεν
1190 1289 1260 1357 ’ίοαι
1277 1293 1334 1375 χέ-

327 1429 389 1495 ρες,
410 1407 431 1470 i.
455 1425 483 1469 e.
506 1425 579 1468 uos
602 1402 746 1490 Sparta
768 1403 962 1490 profecti,
990 1425 1062 1490 par
1083 1421 1246 1469 numeru
1270 1422 1333 1466 ex-

328 1518 494 1594 ercitus,
517 1537 599 1580 cum
623 1513 789 1602 Argivis
812 1514 1052 1580 conflictati
1073 1536 1215 1581 sumus.

553 1878 556 1884 ι
607 1797 846 1850 nunnunnrns
864 1798 923 1850 nu.
937 1800 990 1868 rx,
1008 1796 1053 1851 54.
1126 1805 1129 1810 ·

370 1914 485 2002 Γῆράς
507 1906 591 1977 ἐπάν
611 1914 671 1997 μὲν
690 1909 767 2003 ἀπῇ,
787 1913 854 1989 πᾶς
868 1905 1010 1998 εὔχεται·
1032 1906 1075 1978 clv
1090 1913 1124 1978 δὲ
1146 1909 1220 1978 ποτ’
1239 1911 1334 2002 ἔλθῃ,

413 2029 594 2113 μέμφεται·
617 2025 685 2089 ἔστι
707 2020 737 2088 δ’
756 2020 809 2089 άεί
830 2027 985 2111 κρεῖσσον.
1004 2019 1230 2116 ὀφειλόμενον.

327 2159 468 2226 Eosdem
489 2160 550 2224 hos
571 2180 693 2236 versus,
716 2180 797 2243 quos
820 2159 997 2225 Menecrati
1014 2160 1193 2246 Smyrnaeo
1216 2155 1335 2222 adscri-

325 2276 391 2360 psit
411 2271 592 2338 Brunckius
614 2269 707 2335 Anal.
730 2271 760 2350 Ι,
780 2294 811 2357 p.
829 2273 902 2351 476,
924 2274 958 2336 in
980 2272 1150 2337 Sermones
1174 2290 1250 2336 suos
1271 2280 1335 2334 ret-

327 2385 399 2450 tulit
427 2384 585 2450 Stobaeus
608 2381 731 2461 CXVI,
753 2384 796 2448 27
826 2406 897 2448 cum
926 2383 1071 2449 lemmate
1103 2375 1335 2469 Μενεκράτους

327 2494 475 2581 Σαμίου.
521 2497 569 2560 Ac
596 2517 638 2560 ne
669 2494 794 2560 dubites
825 2494 866 2560 de
893 2496 1094 2573 Menecrate,
1124 2498 1179 2581 qui
1206 2493 1334 2559 Samum

325 2610 459 2695 patriam
486 2608 650 2686 habuerit,
677 2609 748 2693 ipse
769 2607 940 2673 Jacobsius
969 2629 1006 2672 ex
1035 2605 1107 2671 cod.
1130 2605 1197 2671 Pal.
1220 2605 1333 2670 lemma

328 2717 480 2807 produxit
507 2719 634 2784 Lucillii
665 2721 794 2783 carmini
816 2720 874 2799 lx,
897 2722 939 2785 55
968 2718 1162 2805 adscriptum
1187 2718 1334 2783 Λουκιλ-

327 2831 408 2909 λίου,
424 2833 456 2896 οί
471 2832 506 2897 δὲ
518 2826 750 2918 Μενεκράτους
760 2829 907 2914 Σαμίου,
921 2833 954 2894 in
970 2852 1035 2917 quo
1051 2829 1172 2919 gentile
1186 2829 1335 2894 librario-

326 2964 397 3007 rum
421 2947 522 3008 errori
538 2942 649 3009 deberi
664 2964 731 3007 non
753 2951 841 3006 recte
859 2945 969 3007 statuit
982 2946 1031 3006 vir
1046 2943 1332 3029 praestantissimus

328 3051 432 3119 Catal.
455 3066 542 3143 poet.
567 3059 666 3144 epigr.
690 3078 720 3141 p.
744 3056 819 3119 917.
861 3055 1006 3119 Fuerunt
1027 3057 1126 3142 igitur
1148 3052 1214 3119 duo
1236 3052 1332 3117 huius

327 3168 467 3230 nominis
489 3175 621 3252 poetae,
650 3159 784 3252 quorum
808 3164 888 3230 alter
910 3165 1077 3252 Smyrnam
1105 3165 1185 3231 alter
1205 3164 1332 3229 Samum

326 3279 459 3365 patriam
486 3277 604 3343 habuit.
656 3279 714 3342 His
743 3279 852 3342 tertius
882 3276 1006 3343 accedit
1034 3277 1207 3365 Ephesius,
1239 3297 1332 3361 quem

327 3389 498 3454 Jacobsius
520 3411 587 3454 non
603 3388 763 3453 diversum
779 3392 888 3454 statuit
910 3412 928 3454 a
943 3389 1130 3475 Smyrnaeo,
1154 3391 1241 3454 cuius
1257 3409 1335 3452 con-

327 3505 469 3566 iecturae
491 3498 639 3565 idoneam
656 3522 780 3564 causam
802 3521 871 3566 non
885 3500 991 3566 video.
1034 3501 1215 3588 Ephesium,
1238 3521 1333 3585 quem

327 3612 417 3678 Arati
445 3614 629 3698 magistrum
657 3610 755 3676 fuisse
785 3634 822 3676 ex
850 3611 948 3678 Suida
976 3638 1007 3677 v.
1031 3606 1175 3697 Ἅροτος
1201 3621 1333 3689 constat,

327 3724 471 3790 versibus
507 3725 671 3810 scripsisse
699 3722 740 3789 de
776 3723 968 3812 agricultura
996 3733 1125 3811 praeter
1152 3724 1332 3786 Varronem

328 3858 346 3900 a
368 3836 522 3901 Jacobsio
545 3834 715 3914 laudatum,
741 3845 874 3901 testatur
894 3836 1016 3901 Plinius
1038 3837 1078 3900 H.
1101 3836 1143 3901 N.
1166 3833 1245 3899 Vlll
1265 3832 1332 3897 iud.

329 3959 361 4013 et
381 3948 440 4026 XI,
464 3951 494 4013 7.
546 3946 597 4012 Ad
625 3947 710 4011 hunc
737 3949 849 4012 nescio
879 3968 921 4012 an
948 3948 1060 4014 referri
1090 3945 1230 4012 debeant
1251 3965 1333 4031 quae

327 4058 480 4147 leguntur
513 4058 598 4146 apud
628 4058 769 4146 Etymol.
798 4059 843 4123 Μ.
871 4082 905 4145 p.
932 4061 1011 4139 422,
1038 4061 1095 4126 36:
1127 4049 1267 4143 Ἠθμός
1294 4049 1333 4119 τὸ
