3016 4808
337 451 374 506 34
595 447 787 502 Annum
808 449 1084 499 ΤΑΡΑΝΤΙΝΟΥ

426 592 541 688 ἐσάχρι
560 599 676 684 γυίων·
697 597 764 665 τῶν
786 597 821 664 δὲ
842 597 1008 683 βλαυτίον
1028 590 1068 661 τὸ
1090 600 1151 683 μίν

428 705 515 798 ὅμως
538 703 715 803 φυλάσσει,
736 703 888 798 θάτερον
909 704 939 774 δ’
965 701 1141 774 άπάλεσεν.

428 821 616 908 μελίσδεται
637 820 672 887 δὲ
692 813 757 886 τάν
775 821 874 907 χέλυν
894 819 1071 908 διακρίνων

427 927 502 1016 ἤτοι
522 926 711 1000 Βάθυλλον
732 926 755 1013 ἢ
776 925 880 999 καλὸν
902 932 1081 1018 Μεγιστία.

428 1041 578 1137 φύλασσε
599 1039 711 1132 Βάκχε
733 1037 793 1110 τὸν
814 1047 955 1132 χίροντιι
976 1036 1023 1130 μὴ
1044 1046 1136 1135 πέσῃ.

755 1167 928 1233 XXXVIII.

343 1275 405 1362 Μὴ
428 1275 469 1346 σύ
490 1275 522 1366 χ’
548 1276 601 1345 ἀπ’
628 1258 798 1366 οίονύμοιο
823 1277 999 1368 περίπλεον
1020 1270 1110 1354 ίλύος
1130 1267 1192 1343 ὧδε

384 1392 483 1458 τοῦτο
500 1392 711 1480 χαραδραίης
732 1384 864 1479 θερμὸν
886 1386 985 1457 ὁδῖται
1005 1391 1088 1481 πίῃς,

342 1498 430 1569 άλλά
450 1497 563 1591 μολών
583 1497 677 1590 μάλα
698 1496 827 1568 τυτθὸν
847 1499 927 1590 ὑπὲρ
950 1496 1189 1588 δαμαλήβοτον
1209 1494 1317 1590 ἄκρον

386 1618 471 1681 κεῖσέ
493 1636 529 1700 χε
550 1608 619 1701 πάρ
642 1616 734 1699 κείνρι
755 1615 911 1700 ποιμενίρι
931 1613 1024 1679 πίτυϊ

343 1721 488 1815 εὑρήσεις
508 1719 686 1814 κελαρύζον
707 1719 865 1813 ίύκρήνου
886 1717 942 1790 διά
963 1727 1084 1812 πέτρης

386 1839 479 1924 νᾶμα
499 1837 669 1925 βορειαίης
689 1829 895 1924 ψυχρότερον
915 1829 1065 1926 νιφάδος.

776 1957 914 2023 XXXIX.

347 2071 500 2149 Θεσπιέες
520 2065 580 2138 τὸν
595 2063 724 2159 Ἔρωτα
744 2065 850 2156 μόνον
870 2063 957 2136 θεὸν
979 2075 1014 2136 ἐκ
1034 2069 1225 2158 Κυθερείης

388 2178 505 2263 ἄξοντ’,
528 2179 587 2270 οὐχ
609 2185 721 2269 ἐτέρου
741 2175 890 2270 γραπτὸν
911 2178 964 2247 ἀπ’
990 2177 1181 2272 ἀρχετύπου,

344 2292 412 2361 ἀλλ’
439 2289 479 2362 δν
500 2293 708 2384 Πραξιτέλης
731 2295 812 2378 ίχνω
832 2287 934 2372 θεόν,
956 2287 997 2359 δν
1017 2295 1092 2382 περὶ
1116 2287 1228 2386 Φρύνῃ

388 2400 583 2494 δερκόμενος
605 2409 772 2495 σφετέρων
793 2399 912 2492 λύτρον
934 2406 1030 2471 ίδωκε
1051 2401 1181 2472 πόθων.

810 2529 875 2593 XL.

440 2634 511 2707 Τάν
531 2641 740 2732 ἐκφυγοῦσαν
760 2633 889 2729 ματρὸς
910 2645 945 2706 ἐκ
965 2635 1097 2707 κόλπων
1118 2644 1173 2721 ίτι,

433 2749 533 2842 άφρρῖ
553 2775 588 2818 τε
609 2747 846 2842 μορμύρονσαν
867 2749 981 2838 εύλεχῆ
1000 2748 1132 2841 Κύπριν

433 2860 477 2930 δ’δ’
503 2861 547 2941 ὡς
563 2859 739 2944 Ἀπελλῆς,
760 2859 881 2942 κάλλος
902 2848 1111 2951 ίμερύτατον,

436 2972 475 3042 ού
495 2969 657 3062 χραπτόν,
679 2971 747 3041 ἀλλ’
765 2977 921 3065 ’ἔμψυχον
942 2971 1131 3063 ἐξεμάξατο.

434 3075 471 3152 εὖ
490 3087 552 3172 μίν
572 3079 637 3173 χάρ
659 3078 776 3176 άκραις
793 3089 907 3175 χερσὶν
928 3089 1079 3175 ἐκθλίβει
1099 3083 1215 3176 κόμαν,

435 3185 471 3264 εὖ
493 3193 524 3263 δ’
552 3191 710 3285 ὀμμάτων
734 3193 879 3285 χαληνὸς
899 3195 1056 3286 ἐκλάμπει
1074 3197 1196 3282 πόθος,

433 3311 490 3377 καὶ
511 3304 630 3396 μαζός,
653 3307 760 3397 ἀκμῆς
782 3306 933 3397 άχχελος,
955 3313 1107 3398 κυδωνιᾷ.

435 3416 521 3488 αὐτά
543 3419 574 3488 δ’
596 3417 736 3488 Ἀθάνα
758 3425 814 3490 καὶ
835 3417 913 3502 Διὸς
934 3427 1116 3502 σονευνίτις

435 3529 616 3623 φάσουσιν·
638 3524 665 3600 ὦ
687 3536 752 3601 Ζεῦ
773 3529 981 3621 λειπόμεσθα
1002 3537 1043 3629 τῇ
1062 3538 1174 3626 κρίσει.

660 3677 663 3686 ’
802 3659 884 3724 XLI.

352 3764 419 3832 Ούκ
440 3769 580 3836 ἔπλασεν
600 3793 642 3858 με
665 3765 806 3860 Μύρων,
828 3764 1008 3856 ἐψεύσατο·
1030 3771 1240 3860 βοσκομέναν
1261 3775 1297 3840 δέ

390 3875 426 3959 ἐξ
447 3876 568 3965 άχὲλας
590 3878 712 3961 ἐλάσας
733 3883 813 3964 δῆσε
833 3877 934 3967 βάσει
955 3883 1086 3970 λιθίνῳ.

415 4090 565 4149 XXXVIII.
588 4090 663 4149 Plan.
680 4095 741 4150 2³0.
770 4091 852 4150 Vs.1
875 4091 966 4149 321³-
989 4095 1116 4154 XXXIX.
1138 4093 1212 4153 Plan.
1228 4096 1290 4152 206.
1311 4123 1348 4137 ·-

346 4176 404 4236 XL.
422 4176 497 4235 Plan.
511 4180 571 4236 182.
591 4209 623 4220 -
642 4177 712 4236 XLI.
729 4177 785 4237 Pal.
798 4179 851 4250 lx,
869 4183 929 4239 719.
