3028 4826
348 467 400 523 164
616 462 878 523 ΑΒΝΟΤΑΤΙΟ
902 461 1091 523 cul'rlcn.

346 636 407 704 pro
431 611 613 703 ὀδυρομένη
629 620 794 704 scripsisse
809 614 991 707 ὀδυρομένῃ
1010 615 1107 681 docet
1124 637 1262 702 sequens
1280 613 1358 683 σύν-

235 797 239 804 ,
347 729 485 815 θρηνος.
537 729 595 792 Vs.
620 731 662 795 10
693 729 778 793 bene
807 730 908 793 sensit
935 713 1117 792 Brunckius
1148 748 1216 793 non
1245 728 1358 793 abesse

346 859 445 925 posse
466 860 647 926 pronomen
670 834 741 919 σάς,
764 837 822 903 sed
843 837 926 902 male
948 841 1078 926 scripsit
1100 832 1163 916 σάς
1184 841 1231 905 tte
1244 841 1357 923 θυγα-

346 953 452 1037 τέρας.
496 949 586 1014 Nihil
609 950 859 1028 desideraretur,
882 953 909 1014 si
932 953 1084 1037 scriptum
1107 960 1203 1015 esset:

412 1056 521 1142 πιίντη
544 1056 664 1127 πότνια
683 1071 796 1149 χαῖρε·
821 1061 920 1136 θεοῖς
940 1060 1016 1137 ’ίσας
1037 1053 1102 1149 γάρ
1125 1058 1252 1140 ἀοιδάς,

457 1166 602 1264 ἀφθιτε,
625 1167 687 1251 σάς
709 1174 824 1258 ἔχομεν
845 1171 906 1236 νῦν
928 1172 975 1237 ἔτι
996 1172 1197 1260 θυγατέρας.

348 1284 442 1371 Quae
465 1307 535 1350 eum
555 1285 665 1372 paullo
687 1282 864 1350 violentior
884 1286 1017 1349 mutatio
1041 1287 1097 1364 sit,
1118 1283 1291 1350 videndum
1313 1307 1356 1349 an

347 1407 434 1464 recte
450 1396 600 1462 Reislius
621 1399 719 1474 θεοῖς
739 1395 797 1462 ίσα
820 1390 882 1472 σάς
902 1388 967 1484 γάρ
983 1391 1102 1472 ἀοιδάς
1116 1399 1279 1483 scripserit
1292 1397 1356 1461 hoc

246 1507 249 1514 ’
346 1531 457 1576 sensu:
480 1501 542 1586 σάς
556 1501 620 1596 γάρ
635 1510 834 1594 θυγατέρας,
852 1499 978 1585 ἀοιδάς,
992 1506 1054 1573 νῦν
1068 1508 1115 1572 ἔτι
1128 1509 1244 1594 ἔχομεν
1256 1508 1356 1585 θεοῖς

258 1701 261 1707 Δ
347 1619 404 1688 ίσα
426 1614 616 1695 ἀθανάτας.
660 1616 894 1684 Difficultatem
915 1616 982 1682 loci
1003 1638 1072 1684 non
1093 1617 1287 1684 intellexisse
1308 1622 1357 1683 vi-

348 1732 441 1798 detur
463 1731 653 1797 Schaelerus
675 1730 786 1796 Melet
809 1754 841 1817 p.
865 1731 918 1795 57.

434 1843 552 1907 XXVI.
594 1840 888 1924 Vs.1cod.(itot.
925 1842 998 1905 Nec
1019 1840 1113 1907 aliter
1134 1865 1180 1907 vs.
1197 1843 1227 1907 4.
1272 1841 1356 1909 Cor-

347 1957 429 2019 rexit
455 1955 609 2043 Heringa.
660 1955 762 2018 Vsa
792 1951 863 2018 eod.
892 1948 1012 2038 ἀρίστη
1041 1943 1136 2019 οὖσα.
1183 1954 1354 2019 Jacobsius

348 2063 466 2154 ἀρίστη
488 2065 600 2132 ἐοῦσα.
634 2063 822 2154 Elegantius
844 2062 985 2128 Brunek.
1000 2061 1225 2152 ἀριστεύοντα.
1259 2068 1356 2131 Prae-

348 2189 437 2244 terea
459 2180 503 2242 ita
525 2178 605 2241 haec
620 2176 767 2241 distincta
781 2175 984 2265 legebantur:
1006 2173 1081 2242 οὐδὲ
1095 2178 1175 2262 μιᾶς
1194 2174 1265 2242 οὐδ’
1280 2172 1355 2254 ἐνὸς

348 2285 512 2357 ὠνυίσατσ.
547 2285 569 2369 ἡ
598 2289 658 2374 μὲν
686 2283 904 2375 ἀριστεύουσα
932 2289 988 2352 καὶ
1017 2281 1163 2365 εὔτεκνος
1193 2298 1252 2354 ete.
1282 2309 1354 2354 ora-

348 2405 439 2468 tione
465 2400 572 2467 hiulca
593 2421 700 2487 neque
723 2399 891 2488 eleganter
911 2398 1057 2464 formata.
1109 2398 1220 2486 Itaque
1242 2403 1354 2489 scripsi

347 2508 370 2596 ἢ
392 2509 462 2600 μέγ’
490 2523 523 2579 et
550 2510 657 2578 delevi
685 2509 812 2598 plenam
836 2509 1072 2576 distinctionem
1096 2513 1131 2576 in
1153 2509 1220 2576 fine
1241 2533 1353 2580 versus

348 2623 490 2691 secundi.
534 2621 688 2689 Ceterum
709 2644 770 2710 pro
794 2617 1011 2710 ἀριστεύουσα
1036 2624 1142 2710 possis
1164 2599 1258 2688 etiam
1279 2620 1354 2712 ἀρί-

349 2758 410 2816 στη
431 2731 461 2800 τ’
484 2724 576 2802 οὖσα.

435 2845 564 2913 XXVII.
608 2845 681 2911 Nec
707 2845 852 2910 Bacchus
884 2843 975 2932 loqui
1002 2843 1165 2932 putandus
1194 2857 1255 2926 est,
1291 2867 1353 2911 nec

347 2959 493 3046 Satyrus,
515 2957 573 3022 sed
596 2957 758 3037 choreuta,
779 2965 816 3022 ut
833 2954 931 3022 docet
951 2977 998 3020 vs.
1015 2959 1045 3021 6.
1081 2956 1135 3021 De
1157 2977 1222 3044 quo
1245 2955 1353 3024 admo·

347 3073 419 3137 nuit
447 3071 540 3135 etiam
567 3068 730 3135 Naeclius
759 3066 874 3133 Sched.
903 3069 971 3132 crit
999 3092 1031 3155 p.
1054 3071 1086 3134 5.
1130 3069 1222 3134 vs.1
1255 3071 1352 3135 Mov-

348 3186 432 3248 σίων
451 3180 630 3247 Jacobsius.
664 3179 813 3245 Μουσῶν
834 3177 907 3244 cod.
941 3178 1037 3245 Vs.2
1059 3177 1131 3244 cod.
1153 3180 1352 3267 παρθενίην,

348 3293 437 3381 quod
458 3315 550 3372 vere,
571 3302 608 3358 ut
629 3290 771 3370 videtur,
794 3291 933 3356 correxit
954 3289 1144 3358 Brunckius.

434 3404 580 3470 XXVlll.
612 3403 702 3468 Dixit
724 3401 766 3467 de
782 3401 847 3466 hoc
862 3405 1000 3468 carmine
1015 3404 1215 3470 Hermanuus
1231 3403 1350 3489 Opusc.

347 3517 378 3597 1,
399 3540 431 3604 p.
454 3516 497 3581 53
527 3525 560 3580 et
582 3512 669 3603 apud
690 3512 867 3579 Naeckium
893 3514 1015 3603 Opusc.
1038 3514 1067 3595 l,
1096 3539 1127 3602 p.
1153 3517 1203 3581 10.
1247 3515 1351 3580 vsa

347 3621 449 3704 ἄλλος
478 3635 510 3692 et
531 3624 719 3716 Σοφοκλῆν
740 3624 931 3692 Brunelrius.
976 3625 1061 3693 Cod.
1089 3621 1193 3692 ἀλλον
1222 3634 1255 3690 ct
1275 3623 1352 3692 Σο-

347 3737 482 3830 φοκλῆς.
525 3737 622 3802 Vsss
643 3736 742 3802 verba
766 3731 850 3824 πρός
870 3734 901 3801 τ’
927 3731 1034 3819 αὐδὴν
1054 3732 1228 3825 ἑλκόμενος
1248 3731 1352 3823 μενά-

209 3887 211 3892 ,
347 3851 409 3931 λην
429 3850 613 3914 Hermanno
637 3859 770 3915 auctore
792 3871 863 3914 cum
886 3848 1091 3938 sequentibus
1112 3851 1208 3916 iunxi.
1253 3850 1350 3916 Vs.9

347 3960 418 4027 cod.
446 3953 529 4027 ἐστά
557 3961 593 4026 δέ
619 3984 678 4048 μοι
704 3965 819 4051 ἑρσων.
869 3960 1052 4027 Brunckius
1083 3955 1197 4028 εὔαδεν
1224 3954 1350 4048 ἡρώων.

347 4074 508 4160 Sequetus
527 4093 596 4140 sum
611 4096 681 4141 cum
694 4072 851 4140 Jacobsio
866 4072 1091 4155 Hermannum,
1113 4074 1168 4161 qui
1181 4080 1351 4161 praeterea
