3026 4816
443 460 702 523 honorario
724 461 911 521 chirion.
1131 467 1183 522 153

178 613 278 702 vulgo
307 611 434 694 ξανθαὶ
461 611 654 694 ἀηδονὶδες..
694 614 760 680 Pal.
790 613 915 695 ξονθαὶ
944 613 975 681 δ’
1000 612 1180 695 ἀηδονίδες.

177 728 261 790 Hinc
290 728 412 792 correxi
441 723 566 806 ξανθαὶ
594 723 623 791 δ’
649 724 807 804 ἁδονίδες.
858 726 945 792 Vide
974 725 1015 792 ad
1045 728 1180 794 Theocr.

178 861 210 925 p.
236 839 309 903 198.
354 837 414 904 Vs.
434 840 473 903 ll
495 837 666 903 Jacobsius
688 859 726 903 ex
747 836 814 903 Pal.
844 829 940 924 εὔχου
961 834 1180 928 ἀποστρέψαι.

181 949 355 1038 Vulgatum
377 948 474 1037 plane
497 950 733 1015 Theocriteum.

272 1062 315 1126 V.
360 1063 462 1126 Vsh
497 1060 624 1126 exhibui
656 1060 826 1126 lectionem
852 1059 920 1125 Pal.
955 1062 990 1125 in
1018 1061 1182 1125 Theocriti

179 1172 268 1236 editt.
295 1176 340 1238 ita
368 1171 592 1259 interpolatam
621 1173 740 1248 λασίας
762 1166 859 1257 δρυὸς
884 1165 1006 1258 ἄντρον
1028 1164 1180 1238 ὄπισθεν.

178 1281 246 1348 Sed
267 1278 361 1368 ἐγγύς
382 1284 416 1348 in
439 1282 554 1348 eodem
575 1305 670 1349 versu
692 1282 768 1349 ferri
789 1305 856 1348 non
871 1292 987 1371 potest.
1024 1283 1096 1348 Nec
1115 1281 1182 1370 pla-

180 1404 267 1460 ceret
288 1397 316 1460 si
337 1389 441 1472 εὐθὺς
462 1398 612 1483 scriptum
636 1406 728 1461 esset.

266 1507 324 1571 Vl.
368 1508 471 1572 ves
502 1506 572 1571 cod.
601 1506 669 1572 Pal.
705 1506 863 1573 καλεῦντο.
915 1504 1013 1570 Editt.
1042 1505 1179 1570 Theocr.

178 1619 378 1702 κλαγγιῦντι,
401 1640 494 1703 quam
511 1619 644 1684 formam
659 1618 812 1684 falluntur
826 1621 881 1704 qui
897 1616 1096 1683 contendunt
1111 1639 1180 1681 cum

179 1732 333 1818 Hesychii
347 1728 464 1818 glossa,
486 1729 667 1814 Klayysiv:
689 1726 835 1815 κλάγξαι,
850 1728 1082 1817 φθέγξασθαι.
1116 1730 1182 1793 Lit-

179 1853 316 1907 terarum
340 1843 422 1907 enim
439 1839 521 1907 ordo
538 1851 571 1905 et
586 1840 694 1906 addita
709 1840 899 1930 glossemata
915 1840 1089 1907 ostendunt
1106 1843 1182 1906 scri-

179 1952 320 2019 bendum
343 1973 414 2018 esse
436 1953 582 2037 κλαγεῖν,
611 1955 665 2040 qui
687 1955 797 2017 aoristi
822 1952 999 2018 infinitivus
1022 1963 1079 2021 est.
1124 1953 1182 2017 Ni-

180 2065 247 2130 hilo
270 2067 374 2131 minns
396 2074 482 2129 recte
508 2063 629 2128 hahere
650 2072 730 2151 puto
753 2063 886 2130 verbum
912 2066 1066 2149 xlayyto.
1112 2062 1180 2131 cfr.

179 2176 322 2242 Lohech.
345 2175 387 2242 ad
409 2175 581 2263 Sophoclis
602 2177 652 2241 hi.
668 2178 743 2242 239.
777 2177 872 2241 Vs.6
895 2173 1009 2242 ὀστέον
1030 2179 1181 2242 revocavi

181 2311 219 2353 cx
240 2288 312 2354 cod.
327 2286 395 2354 Pal.
428 2287 542 2377 Vulgo
566 2284 689 2353 ὀστέον.
722 2288 825 2352 Recte
839 2288 937 2353 hahet
950 2284 1071 2368 ὀστέον,
1093 2288 1181 2375 quod

181 2399 222 2466 ad
244 2395 345 2465 ὀστόν
367 2401 522 2488 (Oppian.
547 2398 631 2486 Cyn.
654 2399 683 2478 l,
705 2401 784 2479 268)
806 2398 1029 2464 revocandum.

268 2512 354 2576 Vlll.
389 2513 526 2578 Primum
549 2511 708 2576 distichon
731 2509 817 2575 edidi
839 2520 876 2575 ut
897 2508 1014 2599 legitur
1035 2514 1068 2576 in
1091 2511 1179 2579 editt
1231 2595 1237 2604 .

182 2623 355 2689 Theocriti.
400 2623 467 2688 Pal.
494 2626 706 2710 κεχαριμένον
733 2615 860 2688 ἄνθετο
882 2618 1006 2700 πάσαις
1032 2633 1065 2688 et
1091 2626 1180 2689 vah

179 2736 278 2800 τοῦτο
300 2728 339 2800 τὸ
360 2713 596 2824 μαρμάρινον.ι
613 2733 700 2798 ldem
722 2736 805 2800 vs.3
828 2735 934 2823 σοφία
956 2729 985 2799 δ’
1002 2735 1056 2800 ἐπὶ
1075 2735 1165 2820 τᾷδε.

267 2841 322 2916 xi.
357 2846 441 2915 Cod.
461 2847 645 2932 Θεοκρίτου,
667 2849 700 2912 οἱ
721 2846 756 2912 δὲ
770 2845 944 2912 Λεωνίδαν
964 2847 1179 2934 Ταραντίνου.

180 2958 267 3024 Idem
296 2958 337 3023 ad
364 2959 433 3024 Xll.
459 2958 520 3024 τοῦ
547 2955 657 3025 αὐτοῦ.
707 2956 837 3045 Reliqui
859 2956 939 3021 haec
965 2959 1049 3022 inter
1075 2959 1181 3026 Theo·

181 3073 292 3150 critea,
314 3093 501 3158 quamquam
522 3073 639 3135 rectius
660 3069 798 3136 fortasse
820 3067 984 3134 Leonidae
1006 3068 1137 3150 tribuas.

266 3182 353 3247 XIV.
384 3184 479 3248 vas
501 3176 555 3247 col
569 3181 721 3270 Scaliger.
756 3179 840 3247 Cod.
856 3182 897 3246 οἱ.
927 3180 1024 3246 Editt.
1042 3182 1179 3249 Theocr.

180 3288 248 3358 cdv·
299 3292 346 3357 lb.
375 3293 560 3381 πεὸωριστᾷ
587 3294 796 3380 Tyrhwittus.
847 3292 931 3361 Cod.
960 3291 1028 3360 Pal.
1059 3296 1180 3383 πελωρὶ

180 3411 265 3469 σταῖ.
318 3403 427 3493 Vulgo
461 3405 656 3493 πελωριστᾷ.
706 3407 765 3470 Vs.
793 3407 814 3470 6
849 3401 891 3470 οῖ’
926 3404 1012 3471 editt
1042 3407 1181 3474 Theocr.

180 3511 253 3581 ὅσσ’
281 3515 352 3583 cod.
381 3515 449 3581 Pal.
493 3513 537 3593 ὡς
565 3539 592 3604 c.
618 3516 713 3583 Sahn.
735 3515 926 3582 anckius.
970 3519 1072 3585 Vs.9
1100 3513 1182 3600 ζόαν

180 3626 379 3692 Schacierus.
424 3627 523 3693 Editt.
547 3626 682 3693 Theocr.
706 3624 796 3708 ζοάν.
836 3628 904 3694 Pal.
926 3623 1022 3709 ζωόν.
1061 3633 1120 3699 Vs.
1138 3634 1181 3699 10

178 3734 308 3824 μεγάλα
331 3735 429 3825 χάρις
457 3734 554 3822 αὐτῷ.
599 3742 729 3805 Vereor
756 3761 797 3805 ne
826 3761 895 3806 non
922 3741 1081 3828 bisyllaba
1107 3766 1181 3810 ana-

181 3853 266 3914 crusi
288 3873 364 3917 usus
386 3854 428 3916 sit
448 3853 483 3916 in
504 3851 568 3915 hoc
589 3853 726 3917 carmine
749 3852 955 3932 Theocritus,
978 3857 1031 3941 qui
1053 3857 1180 3943 scripsit

180 3961 291 4027 forsan
313 3957 431 4028 πολλά.

268 4075 369 4142 XVll.
414 4074 482 4140 Pal.
505 4077 564 4141 τοῦ
591 4069 694 4141 αὐτοῦ
714 4080 760 4153 stc
785 4070 902 4143 ἑαυτὸν
931 4071 981 4143 ὅτι
1007 4072 1179 4165 Θεόκριτος
