<?xml version="1.0" encoding="UTF-8"?>
<!DOCTYPE html PUBLIC "-//W3C//DTD XHTML 1.0 Transitional//EN"
    "http://www.w3.org/TR/xhtml1/DTD/xhtml1-transitional.dtd">
<html xmlns="http://www.w3.org/1999/xhtml" xml:lang="en" lang="en">
 <head>
  <title>
</title>
<meta http-equiv="Content-Type" content="text/html;charset=utf-8" />
  <meta name='ocr-system' content='tesseract 3.04.00' />
  <meta name='ocr-capabilities' content='ocr_page ocr_carea ocr_par ocr_line ocrx_word'/>
</head>
<body>
  <div class='ocr_page' id='page_1' title='image "./delectuspoetaru00meingoog_0156.png"; bbox 0 0 3026 4816; ppageno 0'>
   <div class='ocr_carea' id='block_1_1' title="bbox 437 470 1174 533">
    <p class='ocr_par' dir='ltr' id='par_1_1' title="bbox 437 470 1174 533">
     <span class='ocr_line' id='line_1_1' title="bbox 437 470 1174 533; baseline 0 -1"><span class='ocrx_word' id='word_1_1' title='bbox 437 470 698 533; x_wconf 67' lang='lat' dir='ltr'><strong>annoanlo</strong></span> <span class='ocrx_word' id='word_1_2' title='bbox 722 471 908 533; x_wconf 68' lang='lat' dir='ltr'><strong>celatos.</strong></span> <span class='ocrx_word' id='word_1_3' title='bbox 1123 476 1174 532; x_wconf 85' lang='lat' dir='ltr'><strong>lsl</strong></span> 
     </span>
    </p>
   </div>
   <div class='ocr_carea' id='block_1_2' title="bbox 125 620 1297 4064">
    <p class='ocr_par' dir='ltr' id='par_1_2' title="bbox 125 620 1176 2721">
     <span class='ocr_line' id='line_1_2' title="bbox 256 620 1174 713; baseline 0.001 -22"><span class='ocrx_word' id='word_1_4' title='bbox 256 625 415 692; x_wconf 86' lang='lat' dir='ltr'>LXXVII.</span> <span class='ocrx_word' id='word_1_5' title='bbox 453 626 547 691; x_wconf 81' lang='lat' dir='ltr'><strong>val</strong></span> <span class='ocrx_word' id='word_1_6' title='bbox 570 621 607 713; x_wconf 85' lang='grc' dir='ltr'><strong>μ’</strong></span> <span class='ocrx_word' id='word_1_7' title='bbox 626 621 715 710; x_wconf 77' lang='grc' dir='ltr'><strong><em>ἠῷον</em></strong></span> <span class='ocrx_word' id='word_1_8' title='bbox 736 620 890 692; x_wconf 77' lang='grc' dir='ltr'><strong><em>ἁνιόσατο</em></strong></span> <span class='ocrx_word' id='word_1_9' title='bbox 913 625 985 692; x_wconf 90' lang='lat' dir='ltr'><strong>cod.</strong></span> <span class='ocrx_word' id='word_1_10' title='bbox 1023 623 1174 692; x_wconf 82' lang='lat' dir='ltr'>Correxit</span> 
     </span>
     <span class='ocr_line' id='line_1_3' title="bbox 125 729 1174 826; baseline 0.002 -22"><span class='ocrx_word' id='word_1_11' title='bbox 125 813 131 825; x_wconf 39' lang='lat'><strong><em>¹</em></strong></span> <span class='ocrx_word' id='word_1_12' title='bbox 170 741 326 826; x_wconf 87' lang='lat' dir='ltr'><strong>Toupius.</strong></span> <span class='ocrx_word' id='word_1_13' title='bbox 364 738 423 802; x_wconf 88' lang='lat' dir='ltr'><strong>Vs.</strong></span> <span class='ocrx_word' id='word_1_14' title='bbox 443 738 464 802; x_wconf 83' lang='grc'>4</span> <span class='ocrx_word' id='word_1_15' title='bbox 486 729 563 823; x_wconf 79' lang='grc' dir='ltr'><strong><em>ἄγχι</em></strong></span> <span class='ocrx_word' id='word_1_16' title='bbox 585 735 702 826; x_wconf 75' lang='grc' dir='ltr'><strong><em>θυρῶν</em></strong></span> <span class='ocrx_word' id='word_1_17' title='bbox 722 735 884 803; x_wconf 85' lang='lat' dir='ltr'><strong>Reiskins.</strong></span> <span class='ocrx_word' id='word_1_18' title='bbox 924 736 1008 804; x_wconf 91' lang='lat' dir='ltr'><strong>Cod.</strong></span> <span class='ocrx_word' id='word_1_19' title='bbox 1031 735 1174 825; x_wconf 75' lang='grc' dir='ltr'><strong><em>άμχίθο-</em></strong></span> 
     </span>
     <span class='ocr_line' id='line_1_4' title="bbox 167 842 1173 940; baseline -0.004 -22"><span class='ocrx_word' id='word_1_20' title='bbox 167 872 238 940; x_wconf 91' lang='grc' dir='ltr'><strong><em>ρον.</em></strong></span> <span class='ocrx_word' id='word_1_21' title='bbox 285 851 342 914; x_wconf 87' lang='lat' dir='ltr'><strong>Vs.</strong></span> <span class='ocrx_word' id='word_1_22' title='bbox 366 852 387 914; x_wconf 84' lang='lat'><strong>6</strong></span> <span class='ocrx_word' id='word_1_23' title='bbox 416 842 478 914; x_wconf 76' lang='lat' dir='ltr'><strong>caio</strong></span> <span class='ocrx_word' id='word_1_24' title='bbox 502 842 637 936; x_wconf 81' lang='grc' dir='ltr'><strong><em>χάρισιν</em></strong></span> <span class='ocrx_word' id='word_1_25' title='bbox 657 847 848 916; x_wconf 83' lang='lat' dir='ltr'><strong>anckius.</strong></span> <span class='ocrx_word' id='word_1_26' title='bbox 892 848 978 916; x_wconf 86' lang='lat' dir='ltr'><strong>eod.</strong></span> <span class='ocrx_word' id='word_1_27' title='bbox 1000 842 1060 914; x_wconf 82' lang='grc' dir='ltr'><strong>τὸν</strong></span> <span class='ocrx_word' id='word_1_28' title='bbox 1077 845 1173 938; x_wconf 88' lang='grc' dir='ltr'><strong><em>χάρι-</em></strong></span> 
     </span>
     <span class='ocr_line' id='line_1_5' title="bbox 169 954 1172 1049; baseline -0.003 -20"><span class='ocrx_word' id='word_1_29' title='bbox 169 983 231 1029; x_wconf 87' lang='grc' dir='ltr'><strong><em>σιν.</em></strong></span> <span class='ocrx_word' id='word_1_30' title='bbox 269 960 351 1026; x_wconf 84' lang='lat' dir='ltr'><strong>ibid.</strong></span> <span class='ocrx_word' id='word_1_31' title='bbox 374 954 506 1046; x_wconf 80' lang='grc' dir='ltr'><strong><em>δόλιχον</em></strong></span> <span class='ocrx_word' id='word_1_32' title='bbox 528 961 641 1048; x_wconf 85' lang='lat' dir='ltr'><strong>scn&#39;psi</strong></span> <span class='ocrx_word' id='word_1_33' title='bbox 662 979 724 1047; x_wconf 83' lang='lat' dir='ltr'><strong>pro</strong></span> <span class='ocrx_word' id='word_1_34' title='bbox 745 958 886 1045; x_wconf 81' lang='grc' dir='ltr'><strong><em>δολιχόν,</em></strong></span> <span class='ocrx_word' id='word_1_35' title='bbox 909 970 942 1026; x_wconf 87' lang='lat' dir='ltr'><strong>et</strong></span> <span class='ocrx_word' id='word_1_36' title='bbox 962 963 1046 1026; x_wconf 75' lang='lat' dir='ltr'><strong>vati</strong></span> <span class='ocrx_word' id='word_1_37' title='bbox 1067 955 1090 1041; x_wconf 79' lang='grc' dir='ltr'><strong><em>ἢ</em></strong></span> <span class='ocrx_word' id='word_1_38' title='bbox 1111 981 1172 1049; x_wconf 87' lang='lat' dir='ltr'><strong>pro</strong></span> 
     </span>
     <span class='ocr_line' id='line_1_6' title="bbox 168 1071 1175 1163; baseline 0.001 -25"><span class='ocrx_word' id='word_1_39' title='bbox 168 1071 201 1154; x_wconf 83' lang='grc' dir='ltr'><strong>ἡ,</strong></span> <span class='ocrx_word' id='word_1_40' title='bbox 223 1072 311 1161; x_wconf 90' lang='lat' dir='ltr'><strong>quod</strong></span> <span class='ocrx_word' id='word_1_41' title='bbox 332 1073 408 1137; x_wconf 80' lang='lat' dir='ltr'><strong>ferri</strong></span> <span class='ocrx_word' id='word_1_42' title='bbox 430 1092 498 1137; x_wconf 95' lang='lat' dir='ltr'><strong>non</strong></span> <span class='ocrx_word' id='word_1_43' title='bbox 519 1080 636 1160; x_wconf 85' lang='lat' dir='ltr'><strong>potest,</strong></span> <span class='ocrx_word' id='word_1_44' title='bbox 659 1073 808 1158; x_wconf 86' lang='lat' dir='ltr'><strong>quoniam</strong></span> <span class='ocrx_word' id='word_1_45' title='bbox 829 1073 956 1136; x_wconf 87' lang='lat' dir='ltr'><strong>tertium</strong></span> <span class='ocrx_word' id='word_1_46' title='bbox 978 1072 1099 1161; x_wconf 90' lang='lat' dir='ltr'><strong>opificii</strong></span> <span class='ocrx_word' id='word_1_47' title='bbox 1120 1095 1175 1163; x_wconf 84' lang='lat' dir='ltr'><strong>ge</strong></span> 
     </span>
     <span class='ocr_line' id='line_1_7' title="bbox 168 1182 1175 1271; baseline -0.001 -20"><span class='ocrx_word' id='word_1_48' title='bbox 168 1205 244 1263; x_wconf 89' lang='lat' dir='ltr'><strong>nus,</strong></span> <span class='ocrx_word' id='word_1_49' title='bbox 274 1182 362 1271; x_wconf 86' lang='lat' dir='ltr'><strong>quod</strong></span> <span class='ocrx_word' id='word_1_50' title='bbox 383 1183 492 1249; x_wconf 86' lang='lat' dir='ltr'><strong>vetula</strong></span> <span class='ocrx_word' id='word_1_51' title='bbox 521 1182 702 1262; x_wconf 85' lang='lat' dir='ltr'><strong>exercebat,</strong></span> <span class='ocrx_word' id='word_1_52' title='bbox 731 1193 1002 1250; x_wconf 72' lang='lat' dir='ltr'><strong>commemoratio.</strong></span> <span class='ocrx_word' id='word_1_53' title='bbox 1047 1185 1175 1250; x_wconf 78' lang='lat' dir='ltr'><strong>Portici-</strong></span> 
     </span>
     <span class='ocr_line' id='line_1_8' title="bbox 168 1294 1175 1383; baseline 0.001 -22"><span class='ocrx_word' id='word_1_54' title='bbox 168 1298 256 1383; x_wconf 90' lang='lat' dir='ltr'><strong>pium</strong></span> <span class='ocrx_word' id='word_1_55' title='bbox 278 1294 457 1379; x_wconf 73' lang='grc' dir='ltr'><strong><em>δαιομένη,</em></strong></span> <span class='ocrx_word' id='word_1_56' title='bbox 477 1294 566 1382; x_wconf 88' lang='lat' dir='ltr'><strong>quod</strong></span> <span class='ocrx_word' id='word_1_57' title='bbox 588 1294 630 1360; x_wconf 91' lang='lat' dir='ltr'><strong>ad</strong></span> <span class='ocrx_word' id='word_1_58' title='bbox 649 1297 833 1381; x_wconf 85' lang='lat' dir='ltr'><strong>reciprocos</strong></span> <span class='ocrx_word' id='word_1_59' title='bbox 850 1297 986 1360; x_wconf 87' lang='lat' dir='ltr'><strong>texentis</strong></span> <span class='ocrx_word' id='word_1_60' title='bbox 1007 1295 1175 1362; x_wconf 85' lang='lat' dir='ltr'><strong>muliercu-</strong></span> 
     </span>
     <span class='ocr_line' id='line_1_9' title="bbox 168 1400 1172 1494; baseline 0.001 -22"><span class='ocrx_word' id='word_1_61' title='bbox 168 1407 222 1473; x_wconf 85' lang='lat' dir='ltr'><strong>lae</strong></span> <span class='ocrx_word' id='word_1_62' title='bbox 243 1416 349 1472; x_wconf 82' lang='lat' dir='ltr'><strong>motus</strong></span> <span class='ocrx_word' id='word_1_63' title='bbox 371 1415 507 1493; x_wconf 84' lang='lat' dir='ltr'><strong>spectat,</strong></span> <span class='ocrx_word' id='word_1_64' title='bbox 530 1416 563 1472; x_wconf 90' lang='lat' dir='ltr'><strong>et</strong></span> <span class='ocrx_word' id='word_1_65' title='bbox 584 1400 832 1491; x_wconf 75' lang='grc' dir='ltr'><strong><em>στογγύλλουσα</em></strong></span> <span class='ocrx_word' id='word_1_66' title='bbox 851 1405 972 1494; x_wconf 83' lang='lat' dir='ltr'><strong>pendet</strong></span> <span class='ocrx_word' id='word_1_67' title='bbox 994 1406 1034 1472; x_wconf 87' lang='lat' dir='ltr'><strong>ab</strong></span> <span class='ocrx_word' id='word_1_68' title='bbox 1056 1401 1172 1488; x_wconf 81' lang='grc' dir='ltr'><strong><em>ἤεισεν.</em></strong></span> 
     </span>
     <span class='ocr_line' id='line_1_10' title="bbox 168 1511 1174 1609; baseline -0.001 -24"><span class='ocrx_word' id='word_1_69' title='bbox 168 1522 235 1586; x_wconf 90' lang='lat' dir='ltr'><strong>Pro</strong></span> <span class='ocrx_word' id='word_1_70' title='bbox 257 1511 352 1606; x_wconf 80' lang='grc' dir='ltr'><strong><em>ῥικνὴ</em></strong></span> <span class='ocrx_word' id='word_1_71' title='bbox 374 1518 511 1583; x_wconf 85' lang='lat' dir='ltr'><strong>fortasse</strong></span> <span class='ocrx_word' id='word_1_72' title='bbox 533 1517 626 1609; x_wconf 77' lang='grc' dir='ltr'><strong><em>ῥικνῇ</em></strong></span> <span class='ocrx_word' id='word_1_73' title='bbox 647 1516 866 1597; x_wconf 87' lang='lat' dir='ltr'><strong>scribendum,</strong></span> <span class='ocrx_word' id='word_1_74' title='bbox 887 1517 922 1583; x_wconf 87' lang='lat' dir='ltr'><strong>id</strong></span> <span class='ocrx_word' id='word_1_75' title='bbox 943 1529 979 1584; x_wconf 94' lang='lat' dir='ltr'><strong>ut</strong></span> <span class='ocrx_word' id='word_1_76' title='bbox 1001 1541 1071 1586; x_wconf 90' lang='lat' dir='ltr'><strong>cum</strong></span> <span class='ocrx_word' id='word_1_77' title='bbox 1089 1522 1174 1606; x_wconf 83' lang='grc' dir='ltr'><strong><em>χειρὶ</em></strong></span> 
     </span>
     <span class='ocr_line' id='line_1_11' title="bbox 168 1625 1175 1720; baseline -0.001 -23"><span class='ocrx_word' id='word_1_78' title='bbox 168 1633 391 1720; x_wconf 79' lang='lat' dir='ltr'><strong>coniungatur.</strong></span> <span class='ocrx_word' id='word_1_79' title='bbox 436 1629 545 1694; x_wconf 88' lang='lat' dir='ltr'><strong>Minus</strong></span> <span class='ocrx_word' id='word_1_80' title='bbox 573 1627 658 1694; x_wconf 87' lang='lat' dir='ltr'><strong>bene</strong></span> <span class='ocrx_word' id='word_1_81' title='bbox 682 1629 863 1695; x_wconf 85' lang='lat' dir='ltr'><strong>anckius</strong></span> <span class='ocrx_word' id='word_1_82' title='bbox 879 1625 1015 1716; x_wconf 73' lang='grc' dir='ltr'><strong><em>ρικνήν.</em></strong></span> <span class='ocrx_word' id='word_1_83' title='bbox 1059 1632 1175 1717; x_wconf 84' lang='lat' dir='ltr'><strong>Neque</strong></span> 
     </span>
     <span class='ocr_line' id='line_1_12' title="bbox 168 1738 1175 1830; baseline -0.001 -22"><span class='ocrx_word' id='word_1_84' title='bbox 168 1741 282 1809; x_wconf 89' lang='lat' dir='ltr'><strong>melius</strong></span> <span class='ocrx_word' id='word_1_85' title='bbox 297 1741 382 1807; x_wconf 89' lang='lat' dir='ltr'><strong>idem</strong></span> <span class='ocrx_word' id='word_1_86' title='bbox 403 1761 450 1806; x_wconf 87' lang='lat' dir='ltr'><strong>vs.</strong></span> <span class='ocrx_word' id='word_1_87' title='bbox 467 1740 489 1805; x_wconf 86' lang='grc'>8</span> <span class='ocrx_word' id='word_1_88' title='bbox 511 1750 665 1826; x_wconf 89' lang='lat' dir='ltr'><strong>sequente</strong></span> <span class='ocrx_word' id='word_1_89' title='bbox 679 1739 833 1806; x_wconf 88' lang='lat' dir='ltr'><strong>Jacohsio</strong></span> <span class='ocrx_word' id='word_1_90' title='bbox 848 1743 976 1828; x_wconf 85' lang='lat' dir='ltr'><strong>scripsit</strong></span> <span class='ocrx_word' id='word_1_91' title='bbox 988 1738 1175 1830; x_wconf 76' lang='grc' dir='ltr'><strong><em>ἱμερόεσσα,</em></strong></span> 
     </span>
     <span class='ocr_line' id='line_1_13' title="bbox 169 1850 1176 1942; baseline -0.002 -22"><span class='ocrx_word' id='word_1_92' title='bbox 169 1853 260 1942; x_wconf 90' lang='lat' dir='ltr'><strong>quod</strong></span> <span class='ocrx_word' id='word_1_93' title='bbox 280 1853 357 1918; x_wconf 89' lang='lat' dir='ltr'><strong>mihi</strong></span> <span class='ocrx_word' id='word_1_94' title='bbox 379 1850 508 1939; x_wconf 89' lang='lat' dir='ltr'><strong>quidem</strong></span> <span class='ocrx_word' id='word_1_95' title='bbox 528 1853 700 1938; x_wconf 86' lang='lat' dir='ltr'><strong>permirum</strong></span> <span class='ocrx_word' id='word_1_96' title='bbox 715 1855 945 1941; x_wconf 82' lang='lat' dir='ltr'><strong>octogenariae</strong></span> <span class='ocrx_word' id='word_1_97' title='bbox 959 1851 1087 1920; x_wconf 85' lang='lat' dir='ltr'><strong>vetulae</strong></span> <span class='ocrx_word' id='word_1_98' title='bbox 1110 1855 1176 1940; x_wconf 91' lang='lat' dir='ltr'><strong>epi-</strong></span> 
     </span>
     <span class='ocr_line' id='line_1_14' title="bbox 169 1958 1176 2054; baseline -0.004 -22"><span class='ocrx_word' id='word_1_99' title='bbox 169 1967 284 2032; x_wconf 78' lang='lat' dir='ltr'><strong>theton</strong></span> <span class='ocrx_word' id='word_1_100' title='bbox 304 1963 442 2029; x_wconf 84' lang='lat' dir='ltr'><strong>videtur.</strong></span> <span class='ocrx_word' id='word_1_101' title='bbox 488 1961 573 2030; x_wconf 83' lang='lat' dir='ltr'><strong>cod.</strong></span> <span class='ocrx_word' id='word_1_102' title='bbox 600 1958 796 2054; x_wconf 82' lang='grc' dir='ltr'><strong><em>ἡμερόεσσα.</em></strong></span> <span class='ocrx_word' id='word_1_103' title='bbox 840 1963 1051 2032; x_wconf 78' lang='lat' dir='ltr'><strong>Scribonium</strong></span> <span class='ocrx_word' id='word_1_104' title='bbox 1079 1967 1176 2052; x_wconf 79' lang='lat' dir='ltr'><strong>igitur</strong></span> 
     </span>
     <span class='ocr_line' id='line_1_15' title="bbox 170 2070 1176 2164; baseline -0.003 -20"><span class='ocrx_word' id='word_1_105' title='bbox 170 2079 318 2164; x_wconf 88' lang='lat' dir='ltr'><strong>suspicor</strong></span> <span class='ocrx_word' id='word_1_106' title='bbox 339 2070 552 2161; x_wconf 84' lang='grc' dir='ltr'><strong><em>ἡμορόεσσα,</em></strong></span> <span class='ocrx_word' id='word_1_107' title='bbox 575 2092 822 2143; x_wconf 84' lang='lat' dir='ltr'><strong>aerumnosa.</strong></span> <span class='ocrx_word' id='word_1_108' title='bbox 855 2075 1008 2144; x_wconf 86' lang='lat' dir='ltr'><strong>Ceterum</strong></span> <span class='ocrx_word' id='word_1_109' title='bbox 1022 2076 1176 2162; x_wconf 88' lang='lat' dir='ltr'><strong>hocpoe-</strong></span> 
     </span>
     <span class='ocr_line' id='line_1_16' title="bbox 169 2185 1176 2274; baseline -0.001 -19"><span class='ocrx_word' id='word_1_110' title='bbox 169 2191 292 2255; x_wconf 88' lang='lat' dir='ltr'><strong>mation</strong></span> <span class='ocrx_word' id='word_1_111' title='bbox 313 2189 348 2252; x_wconf 91' lang='lat' dir='ltr'><strong>in</strong></span> <span class='ocrx_word' id='word_1_112' title='bbox 370 2185 443 2252; x_wconf 89' lang='lat' dir='ltr'><strong>cod.</strong></span> <span class='ocrx_word' id='word_1_113' title='bbox 465 2185 533 2252; x_wconf 88' lang='lat' dir='ltr'><strong>Pal.</strong></span> <span class='ocrx_word' id='word_1_114' title='bbox 555 2189 589 2252; x_wconf 93' lang='lat' dir='ltr'><strong>in</strong></span> <span class='ocrx_word' id='word_1_115' title='bbox 612 2187 678 2254; x_wconf 91' lang='lat' dir='ltr'><strong>duo</strong></span> <span class='ocrx_word' id='word_1_116' title='bbox 701 2190 838 2252; x_wconf 87' lang='lat' dir='ltr'><strong>carmina</strong></span> <span class='ocrx_word' id='word_1_117' title='bbox 860 2186 995 2254; x_wconf 85' lang='lat' dir='ltr'><strong>divisum</strong></span> <span class='ocrx_word' id='word_1_118' title='bbox 1019 2197 1076 2267; x_wconf 81' lang='lat' dir='ltr'><strong>est,</strong></span> <span class='ocrx_word' id='word_1_119' title='bbox 1098 2209 1176 2274; x_wconf 91' lang='lat' dir='ltr'><strong>quo-</strong></span> 
     </span>
     <span class='ocr_line' id='line_1_17' title="bbox 170 2298 1175 2388; baseline -0.005 -21"><span class='ocrx_word' id='word_1_120' title='bbox 170 2323 241 2367; x_wconf 89' lang='lat' dir='ltr'><strong>rum</strong></span> <span class='ocrx_word' id='word_1_121' title='bbox 267 2299 401 2365; x_wconf 83' lang='lat' dir='ltr'><strong>alterum</strong></span> <span class='ocrx_word' id='word_1_122' title='bbox 423 2298 547 2364; x_wconf 87' lang='lat' dir='ltr'><strong>orditur</strong></span> <span class='ocrx_word' id='word_1_123' title='bbox 576 2321 594 2364; x_wconf 90' lang='lat' dir='ltr'><strong>a</strong></span> <span class='ocrx_word' id='word_1_124' title='bbox 616 2319 713 2364; x_wconf 85' lang='lat' dir='ltr'><strong>versu</strong></span> <span class='ocrx_word' id='word_1_125' title='bbox 734 2303 872 2386; x_wconf 88' lang='lat' dir='ltr'><strong>septimo</strong></span> <span class='ocrx_word' id='word_1_126' title='bbox 895 2321 965 2364; x_wconf 91' lang='lat' dir='ltr'><strong>cum</strong></span> <span class='ocrx_word' id='word_1_127' title='bbox 987 2299 1175 2388; x_wconf 73' lang='lat' dir='ltr'><strong>epigraphe:</strong></span> 
     </span>
     <span class='ocr_line' id='line_1_18' title="bbox 170 2402 1176 2496; baseline -0.006 -16"><span class='ocrx_word' id='word_1_128' title='bbox 170 2415 231 2480; x_wconf 81' lang='grc' dir='ltr'><strong>τοῦ</strong></span> <span class='ocrx_word' id='word_1_129' title='bbox 252 2408 356 2478; x_wconf 80' lang='grc' dir='ltr'><strong><em>αὐτοῦ</em></strong></span> <span class='ocrx_word' id='word_1_130' title='bbox 375 2411 535 2476; x_wconf 76' lang='grc' dir='ltr'><strong><em>Λεωνίδα</em></strong></span> <span class='ocrx_word' id='word_1_131' title='bbox 556 2415 601 2488; x_wconf 76' lang='grc' dir='ltr'><strong>εὶς</strong></span> <span class='ocrx_word' id='word_1_132' title='bbox 621 2402 683 2491; x_wconf 76' lang='grc' dir='ltr'><strong>τὴν</strong></span> <span class='ocrx_word' id='word_1_133' title='bbox 704 2403 809 2491; x_wconf 78' lang='grc' dir='ltr'><strong><em>αὐτὴν</em></strong></span> <span class='ocrx_word' id='word_1_134' title='bbox 825 2409 1015 2476; x_wconf 76' lang='grc' dir='ltr'><strong><em>Πλαεθίδα</em></strong></span> <span class='ocrx_word' id='word_1_135' title='bbox 1035 2403 1097 2490; x_wconf 82' lang='grc' dir='ltr'><strong>τὴν</strong></span> <span class='ocrx_word' id='word_1_136' title='bbox 1119 2406 1176 2496; x_wconf 75' lang='grc' dir='ltr'><strong>ὀμ-</strong></span> 
     </span>
     <span class='ocr_line' id='line_1_19' title="bbox 171 2516 1175 2610; baseline -0.002 -21"><span class='ocrx_word' id='word_1_137' title='bbox 171 2516 423 2604; x_wconf 78' lang='grc' dir='ltr'><strong><em>ὁοηκονεούτην.</em></strong></span> <span class='ocrx_word' id='word_1_138' title='bbox 457 2523 566 2588; x_wconf 76' lang='grc' dir='ltr'><strong><em>Ποιιιο</em></strong></span> <span class='ocrx_word' id='word_1_139' title='bbox 588 2530 622 2588; x_wconf 87' lang='lat' dir='ltr'><strong>et</strong></span> <span class='ocrx_word' id='word_1_140' title='bbox 641 2523 800 2610; x_wconf 84' lang='lat' dir='ltr'><strong>integrum</strong></span> <span class='ocrx_word' id='word_1_141' title='bbox 815 2541 941 2586; x_wconf 74' lang='lat' dir='ltr'><strong>casinen</strong></span> <span class='ocrx_word' id='word_1_142' title='bbox 964 2541 1033 2586; x_wconf 87' lang='lat' dir='ltr'><strong>esse</strong></span> <span class='ocrx_word' id='word_1_143' title='bbox 1057 2520 1175 2587; x_wconf 86' lang='lat' dir='ltr'><strong>dudum</strong></span> 
     </span>
     <span class='ocr_line' id='line_1_20' title="bbox 171 2636 503 2721; baseline -0.006 -19"><span class='ocrx_word' id='word_1_144' title='bbox 171 2636 274 2702; x_wconf 78' lang='lat' dir='ltr'><strong>caitici</strong></span> <span class='ocrx_word' id='word_1_145' title='bbox 295 2655 503 2721; x_wconf 75' lang='lat' dir='ltr'><strong>perspexere·</strong></span> 
     </span>
    </p>

    <p class='ocr_par' dir='ltr' id='par_1_3' title="bbox 171 2741 1297 4064">
     <span class='ocr_line' id='line_1_21' title="bbox 259 2741 1297 2834; baseline 0 -23"><span class='ocrx_word' id='word_1_146' title='bbox 259 2745 432 2814; x_wconf 63' lang='lat' dir='ltr'><strong>Lxxvffl„</strong></span> <span class='ocrx_word' id='word_1_147' title='bbox 470 2747 565 2811; x_wconf 84' lang='lat' dir='ltr'><strong>vs.1</strong></span> <span class='ocrx_word' id='word_1_148' title='bbox 588 2742 756 2834; x_wconf 78' lang='lat' dir='ltr'><strong>legebatur</strong></span> <span class='ocrx_word' id='word_1_149' title='bbox 778 2741 822 2822; x_wconf 82' lang='grc' dir='ltr'><strong>ὡς</strong></span> <span class='ocrx_word' id='word_1_150' title='bbox 844 2754 876 2810; x_wconf 86' lang='lat' dir='ltr'><strong>et</strong></span> <span class='ocrx_word' id='word_1_151' title='bbox 897 2741 1001 2828; x_wconf 75' lang='grc' dir='ltr'><strong><em>αὐτῷ,</em></strong></span> <span class='ocrx_word' id='word_1_152' title='bbox 1027 2765 1175 2832; x_wconf 91' lang='lat' dir='ltr'><strong>proquo</strong></span> <span class='ocrx_word' id='word_1_153' title='bbox 1294 2773 1297 2777; x_wconf 52' lang='lat'><strong><em>¹</em></strong></span> 
     </span>
     <span class='ocr_line' id='line_1_22' title="bbox 171 2854 1175 2946; baseline -0.001 -23"><span class='ocrx_word' id='word_1_154' title='bbox 171 2854 242 2944; x_wconf 66' lang='lat' dir='ltr'><strong>cop*</strong></span> <span class='ocrx_word' id='word_1_155' title='bbox 271 2859 393 2944; x_wconf 81' lang='lat' dir='ltr'><strong>scripsi.</strong></span> <span class='ocrx_word' id='word_1_156' title='bbox 437 2858 479 2922; x_wconf 89' lang='lat' dir='ltr'><strong>V.</strong></span> <span class='ocrx_word' id='word_1_157' title='bbox 508 2856 550 2922; x_wconf 89' lang='lat' dir='ltr'><strong>ad</strong></span> <span class='ocrx_word' id='word_1_158' title='bbox 574 2857 685 2946; x_wconf 78' lang='lat' dir='ltr'><strong>Epigr.</strong></span> <span class='ocrx_word' id='word_1_159' title='bbox 706 2856 836 2921; x_wconf 84' lang='lat' dir='ltr'><strong>LXVII.</strong></span> <span class='ocrx_word' id='word_1_160' title='bbox 881 2855 974 2923; x_wconf 86' lang='lat' dir='ltr'><strong>Ordo</strong></span> <span class='ocrx_word' id='word_1_161' title='bbox 1003 2856 1175 2922; x_wconf 86' lang='lat' dir='ltr'><strong>verborum</strong></span> 
     </span>
     <span class='ocr_line' id='line_1_23' title="bbox 172 2961 1174 3054; baseline 0.001 -19"><span class='ocrx_word' id='word_1_162' title='bbox 172 2971 225 3035; x_wconf 89' lang='lat' dir='ltr'><strong>hic</strong></span> <span class='ocrx_word' id='word_1_163' title='bbox 247 2981 310 3050; x_wconf 88' lang='lat' dir='ltr'><strong>est,</strong></span> <span class='ocrx_word' id='word_1_164' title='bbox 339 2967 383 3047; x_wconf 81' lang='grc' dir='ltr'><strong>ὡς</strong></span> <span class='ocrx_word' id='word_1_165' title='bbox 403 2961 549 3054; x_wconf 74' lang='grc' dir='ltr'><strong><em>ἄμπελος</em></strong></span> <span class='ocrx_word' id='word_1_166' title='bbox 570 2964 641 3054; x_wconf 63' lang='lat' dir='ltr'><strong>cisni</strong></span> <span class='ocrx_word' id='word_1_167' title='bbox 662 2969 831 3052; x_wconf 75' lang='grc' dir='ltr'><strong><em>σκηπανίῳ</em></strong></span> <span class='ocrx_word' id='word_1_168' title='bbox 852 2962 975 3054; x_wconf 81' lang='grc' dir='ltr'><strong><em>κάμακι</em></strong></span> <span class='ocrx_word' id='word_1_169' title='bbox 997 2969 1037 3049; x_wconf 88' lang='lat' dir='ltr'><strong>(i.</strong></span> <span class='ocrx_word' id='word_1_170' title='bbox 1059 2989 1087 3034; x_wconf 91' lang='lat' dir='ltr'><strong>c.</strong></span> <span class='ocrx_word' id='word_1_171' title='bbox 1111 2963 1174 3036; x_wconf 83' lang='grc' dir='ltr'><strong>ὥσ-</strong></span> 
     </span>
     <span class='ocr_line' id='line_1_24' title="bbox 171 3074 1174 3172; baseline -0.001 -25"><span class='ocrx_word' id='word_1_172' title='bbox 171 3105 233 3172; x_wconf 84' lang='grc' dir='ltr'><strong><em>ιιερ</em></strong></span> <span class='ocrx_word' id='word_1_173' title='bbox 255 3077 398 3167; x_wconf 78' lang='grc' dir='ltr'><strong><em>κάμακι)</em></strong></span> <span class='ocrx_word' id='word_1_174' title='bbox 428 3079 630 3170; x_wconf 69' lang='grc' dir='ltr'><strong><em>στηρίζομαι.</em></strong></span> <span class='ocrx_word' id='word_1_175' title='bbox 679 3080 744 3145; x_wconf 88' lang='lat' dir='ltr'><strong>Pro</strong></span> <span class='ocrx_word' id='word_1_176' title='bbox 765 3074 901 3165; x_wconf 90' lang='grc' dir='ltr'><strong><em>κάμακι,</em></strong></span> <span class='ocrx_word' id='word_1_177' title='bbox 930 3079 1019 3166; x_wconf 89' lang='lat' dir='ltr'><strong>quod</strong></span> <span class='ocrx_word' id='word_1_178' title='bbox 1040 3079 1174 3146; x_wconf 82' lang='lat' dir='ltr'><strong>Reiskio</strong></span> 
     </span>
     <span class='ocr_line' id='line_1_25' title="bbox 173 3187 1174 3278; baseline -0.003 -18"><span class='ocrx_word' id='word_1_179' title='bbox 173 3193 318 3274; x_wconf 87' lang='lat' dir='ltr'><strong>debetur,</strong></span> <span class='ocrx_word' id='word_1_180' title='bbox 339 3191 411 3258; x_wconf 89' lang='lat' dir='ltr'><strong>cod.</strong></span> <span class='ocrx_word' id='word_1_181' title='bbox 433 3187 585 3278; x_wconf 84' lang='grc' dir='ltr'><strong><em>καμάτῳ,</em></strong></span> <span class='ocrx_word' id='word_1_182' title='bbox 606 3195 641 3257; x_wconf 91' lang='lat' dir='ltr'><strong>in</strong></span> <span class='ocrx_word' id='word_1_183' title='bbox 663 3191 809 3258; x_wconf 87' lang='lat' dir='ltr'><strong>lemmate</strong></span> <span class='ocrx_word' id='word_1_184' title='bbox 830 3212 909 3256; x_wconf 88' lang='lat' dir='ltr'><strong>vero</strong></span> <span class='ocrx_word' id='word_1_185' title='bbox 931 3214 1068 3278; x_wconf 88' lang='grc' dir='ltr'><strong><em>καμακω</em></strong></span> <span class='ocrx_word' id='word_1_186' title='bbox 1092 3195 1174 3274; x_wconf 90' lang='lat' dir='ltr'><strong>(sic).</strong></span> 
     </span>
     <span class='ocr_line' id='line_1_26' title="bbox 173 3297 1177 3393; baseline 0 -23"><span class='ocrx_word' id='word_1_187' title='bbox 173 3307 270 3372; x_wconf 69' lang='lat' dir='ltr'><strong>vso</strong></span> <span class='ocrx_word' id='word_1_188' title='bbox 291 3307 359 3372; x_wconf 77' lang='lat' dir='ltr'><strong>eti</strong></span> <span class='ocrx_word' id='word_1_189' title='bbox 380 3303 552 3370; x_wconf 83' lang='lat' dir='ltr'><strong>Jacobeius</strong></span> <span class='ocrx_word' id='word_1_190' title='bbox 574 3306 738 3370; x_wconf 80' lang='lat' dir='ltr'><strong>revocavit</strong></span> <span class='ocrx_word' id='word_1_191' title='bbox 762 3302 833 3368; x_wconf 87' lang='lat' dir='ltr'><strong>cod.</strong></span> <span class='ocrx_word' id='word_1_192' title='bbox 855 3301 1026 3368; x_wconf 87' lang='lat' dir='ltr'><strong>lectionem</strong></span> <span class='ocrx_word' id='word_1_193' title='bbox 1047 3297 1070 3384; x_wconf 80' lang='grc' dir='ltr'><strong><em>ἢ</em></strong></span> <span class='ocrx_word' id='word_1_194' title='bbox 1090 3312 1177 3393; x_wconf 82' lang='grc' dir='ltr'><strong><em>τρεῖς</em></strong></span> 
     </span>
     <span class='ocr_line' id='line_1_27' title="bbox 174 3408 1176 3507; baseline 0.001 -26"><span class='ocrx_word' id='word_1_195' title='bbox 174 3426 207 3481; x_wconf 91' lang='lat' dir='ltr'><strong>et</strong></span> <span class='ocrx_word' id='word_1_196' title='bbox 218 3410 367 3506; x_wconf 75' lang='grc' dir='ltr'><strong><em>θάλψαι,</em></strong></span> <span class='ocrx_word' id='word_1_197' title='bbox 390 3416 431 3482; x_wconf 89' lang='lat' dir='ltr'><strong>ad</strong></span> <span class='ocrx_word' id='word_1_198' title='bbox 447 3411 587 3507; x_wconf 76' lang='grc' dir='ltr'><strong><em>θάλψαι</em></strong></span> <span class='ocrx_word' id='word_1_199' title='bbox 602 3414 796 3482; x_wconf 90' lang='lat' dir='ltr'><strong>subaudiens</strong></span> <span class='ocrx_word' id='word_1_200' title='bbox 812 3408 959 3493; x_wconf 84' lang='grc' dir='ltr'><strong><em>σεαυτόν,</em></strong></span> <span class='ocrx_word' id='word_1_201' title='bbox 981 3418 1176 3482; x_wconf 84' lang='lat' dir='ltr'><strong>assentiente</strong></span> 
     </span>
     <span class='ocr_line' id='line_1_28' title="bbox 173 3526 1177 3616; baseline 0.001 -24"><span class='ocrx_word' id='word_1_202' title='bbox 173 3526 340 3593; x_wconf 86' lang='lat' dir='ltr'><strong>Lobeckio</strong></span> <span class='ocrx_word' id='word_1_203' title='bbox 364 3527 406 3593; x_wconf 89' lang='lat' dir='ltr'><strong>ad</strong></span> <span class='ocrx_word' id='word_1_204' title='bbox 427 3527 598 3616; x_wconf 85' lang='lat' dir='ltr'><strong>Sophoclis</strong></span> <span class='ocrx_word' id='word_1_205' title='bbox 620 3526 671 3596; x_wconf 73' lang='grc' dir='ltr'><strong>Αἱ.</strong></span> <span class='ocrx_word' id='word_1_206' title='bbox 699 3549 730 3614; x_wconf 87' lang='lat' dir='ltr'><strong>p.</strong></span> <span class='ocrx_word' id='word_1_207' title='bbox 754 3528 818 3592; x_wconf 84' lang='lat'><strong>197</strong></span> <span class='ocrx_word' id='word_1_208' title='bbox 846 3528 968 3592; x_wconf 77' lang='lat' dir='ltr'><strong>noti.</strong></span> <span class='ocrx_word' id='word_1_209' title='bbox 1012 3527 1079 3593; x_wconf 86' lang='lat' dir='ltr'><strong>Sed</strong></span> <span class='ocrx_word' id='word_1_210' title='bbox 1104 3529 1177 3594; x_wconf 78' lang='lat' dir='ltr'><strong>hae</strong></span> 
     </span>
     <span class='ocr_line' id='line_1_29' title="bbox 174 3637 1176 3726; baseline 0.002 -24"><span class='ocrx_word' id='word_1_211' title='bbox 174 3660 231 3704; x_wconf 90' lang='lat' dir='ltr'><strong>rco</strong></span> <span class='ocrx_word' id='word_1_212' title='bbox 253 3641 287 3704; x_wconf 93' lang='lat' dir='ltr'><strong>in</strong></span> <span class='ocrx_word' id='word_1_213' title='bbox 310 3641 468 3705; x_wconf 89' lang='lat' dir='ltr'><strong>sententia</strong></span> <span class='ocrx_word' id='word_1_214' title='bbox 489 3639 674 3705; x_wconf 87' lang='lat' dir='ltr'><strong>verborum:</strong></span> <span class='ocrx_word' id='word_1_215' title='bbox 697 3637 775 3725; x_wconf 92' lang='lat' dir='ltr'><strong>quid</strong></span> <span class='ocrx_word' id='word_1_216' title='bbox 789 3637 923 3726; x_wconf 85' lang='lat' dir='ltr'><strong>prodest</strong></span> <span class='ocrx_word' id='word_1_217' title='bbox 943 3648 1073 3705; x_wconf 88' lang='lat' dir='ltr'><strong>utrum</strong></span> <span class='ocrx_word' id='word_1_218' title='bbox 1095 3650 1176 3706; x_wconf 87' lang='lat' dir='ltr'><strong>tres</strong></span> 
     </span>
     <span class='ocr_line' id='line_1_30' title="bbox 175 3751 1176 3838; baseline 0.002 -24"><span class='ocrx_word' id='word_1_219' title='bbox 175 3771 222 3814; x_wconf 88' lang='lat' dir='ltr'><strong>an</strong></span> <span class='ocrx_word' id='word_1_220' title='bbox 244 3760 438 3836; x_wconf 86' lang='lat' dir='ltr'><strong>quattuor</strong></span> <span class='ocrx_word' id='word_1_221' title='bbox 466 3772 591 3816; x_wconf 88' lang='lat' dir='ltr'><strong>annos</strong></span> <span class='ocrx_word' id='word_1_222' title='bbox 612 3753 745 3816; x_wconf 81' lang='lat' dir='ltr'><strong>vivas?</strong></span> <span class='ocrx_word' id='word_1_223' title='bbox 784 3751 1011 3838; x_wconf 83' lang='lat' dir='ltr'><strong>Expectabam,</strong></span> <span class='ocrx_word' id='word_1_224' title='bbox 1039 3754 1176 3818; x_wconf 79' lang='lat' dir='ltr'><strong>sities</strong></span> 
     </span>
     <span class='ocr_line' id='line_1_31' title="bbox 174 3863 1176 3950; baseline 0.002 -24"><span class='ocrx_word' id='word_1_225' title='bbox 174 3871 424 3947; x_wconf 87' lang='lat' dir='ltr'><strong>quattuorve</strong></span> <span class='ocrx_word' id='word_1_226' title='bbox 447 3884 572 3928; x_wconf 88' lang='lat' dir='ltr'><strong>annos</strong></span> <span class='ocrx_word' id='word_1_227' title='bbox 593 3863 840 3950; x_wconf 88' lang='lat' dir='ltr'><strong>supervivas.</strong></span> <span class='ocrx_word' id='word_1_228' title='bbox 872 3863 909 3930; x_wconf 88' lang='lat' dir='ltr'><strong>ld</strong></span> <span class='ocrx_word' id='word_1_229' title='bbox 926 3866 1009 3928; x_wconf 89' lang='lat' dir='ltr'><strong>enim</strong></span> <span class='ocrx_word' id='word_1_230' title='bbox 1024 3885 1176 3928; x_wconf 87' lang='lat' dir='ltr'><strong>summum</strong></span> 
     </span>
     <span class='ocr_line' id='line_1_32' title="bbox 176 3972 1178 4064; baseline 0.005 -29"><span class='ocrx_word' id='word_1_231' title='bbox 176 3983 250 4052; x_wconf 72' lang='lat' dir='ltr'><strong>erat,</strong></span> <span class='ocrx_word' id='word_1_232' title='bbox 273 3972 361 4060; x_wconf 88' lang='lat' dir='ltr'><strong>quod</strong></span> <span class='ocrx_word' id='word_1_233' title='bbox 382 3973 486 4040; x_wconf 88' lang='lat' dir='ltr'><strong>adhuc</strong></span> <span class='ocrx_word' id='word_1_234' title='bbox 510 3996 637 4062; x_wconf 87' lang='lat' dir='ltr'><strong>sperare</strong></span> <span class='ocrx_word' id='word_1_235' title='bbox 658 3973 765 4062; x_wconf 92' lang='lat' dir='ltr'><strong>potuit</strong></span> <span class='ocrx_word' id='word_1_236' title='bbox 779 3996 876 4040; x_wconf 85' lang='lat' dir='ltr'><strong>senex</strong></span> <span class='ocrx_word' id='word_1_237' title='bbox 896 3975 1084 4064; x_wconf 82' lang='lat' dir='ltr'><strong>longaevus.</strong></span> <span class='ocrx_word' id='word_1_238' title='bbox 1117 3975 1178 4040; x_wconf 85' lang='lat' dir='ltr'><strong>Ita·</strong></span> 
     </span>
    </p>
   </div>
   <div class='ocr_carea' id='block_1_3' title="bbox 177 4083 1178 4263">
    <p class='ocr_par' dir='ltr' id='par_1_4' title="bbox 177 4083 1178 4263">
     <span class='ocr_line' id='line_1_33' title="bbox 177 4083 1178 4173; baseline 0.004 -25"><span class='ocrx_word' id='word_1_239' title='bbox 177 4104 239 4169; x_wconf 90' lang='lat' dir='ltr'><strong>que</strong></span> <span class='ocrx_word' id='word_1_240' title='bbox 261 4083 414 4152; x_wconf 82' lang='lat' dir='ltr'><strong>Brunckii</strong></span> <span class='ocrx_word' id='word_1_241' title='bbox 442 4085 614 4152; x_wconf 88' lang='lat' dir='ltr'><strong>lectionem</strong></span> <span class='ocrx_word' id='word_1_242' title='bbox 636 4094 789 4173; x_wconf 85' lang='lat' dir='ltr'><strong>sequutus</strong></span> <span class='ocrx_word' id='word_1_243' title='bbox 811 4109 889 4152; x_wconf 89' lang='lat' dir='ltr'><strong>sum.</strong></span> <span class='ocrx_word' id='word_1_244' title='bbox 938 4087 1178 4152; x_wconf 75' lang='lat' dir='ltr'><strong>praetereare-</strong></span> 
     </span>
     <span class='ocr_line' id='line_1_34' title="bbox 920 4198 979 4263; baseline 0 -21"><span class='ocrx_word' id='word_1_245' title='bbox 920 4200 942 4263; x_wconf 82' lang='lat'>9</span> <span class='ocrx_word' id='word_1_246' title='bbox 955 4198 979 4242; x_wconf 72' lang='lat' dir='ltr'><strong>s</strong></span> 
     </span>
    </p>
   </div>
   <div class='ocr_carea' id='block_1_4' title="bbox 0 0 1526 4816">
    <p class='ocr_par' dir='ltr' id='par_1_5' title="bbox 0 0 1526 4816">
     <span class='ocr_line' id='line_1_35' title="bbox 0 0 1526 4816; baseline 0 0"><span class='ocrx_word' id='word_1_247' title='bbox 0 0 1526 4816; x_wconf 95' lang='lat' dir='ltr'><strong> </strong></span> 
     </span>
    </p>
   </div>
  </div>
 </body>
</html>
