3026 4816
968 203 976 238 I

334 473 388 530 132
598 467 864 529 ΙΑΒΝΟΤΑΤῙΟ
888 466 1076 527 CRI'IICA.

235 614 237 620 ¹
336 627 427 712 quiro
450 624 505 690 ἔτι.
551 621 762 689 Scribendum
783 621 912 687 videtur
932 623 966 686 τί
987 644 1040 687 τοι
1057 622 1286 716 χαριέστερον,
1316 625 1346 686 ei

334 743 421 826 τρεῖς
442 729 464 816 ἢ
486 737 623 822 τέτορας
644 735 743 810 ποίας
764 728 888 824 θάλψη
910 728 955 798 ἔτ’
981 728 1098 816 viatim

428 847 566 912 LXXIX.
609 846 712 910 Vs.3
743 842 813 911 cod.
850 839 988 921 λύσθος.
1041 841 1157 908 Suidas
1190 844 1344 920 λοῖσθος.

335 959 424 1026 Plan.
447 952 573 1033 Λυδός.
619 958 715 1021 Vsd
737 948 849 1041 ἄχθος
870 954 1070 1020 Weickcrus
1093 956 1228 1043 Fregm.›
1241 954 1343 1021 hiem.
1451 1007 1453 1011 .

335 1097 367 1159 p.
386 1075 407 1137 4
431 1071 471 1136 de
494 1070 655 1134 servitutis
678 1088 787 1145 onere,
809 1065 981 1132 Jacobsius
1004 1067 1045 1132 de
1067 1069 1152 1131 vitae
1175 1087 1274 1131 onere
1296 1070 1344 1131 in-

337 1181 461 1271 telligit.
497 1179 644 1267 Quorum
659 1188 807 1244 neutrum
821 1178 951 1266 probari
966 1199 1062 1264 posse
1077 1177 1213 1242 videtur.
1240 1179 1345 1264 Wyt-

336 1293 521 1358 tenbachius
545 1289 691 1356 tentabat
711 1291 836 1356 Λυδῶν
858 1283 976 1375 οῖχθος.
1011 1288 1076 1354 Sed
1097 1310 1214 1354 vereor
1228 1311 1270 1354 ne
1292 1290 1345 1368 hic

334 1403 429 1491 plura
445 1403 571 1468 turbata
587 1405 658 1467 sint.
696 1403 774 1467 Non
796 1400 987 1488 displiceret,
1009 1403 1036 1466 si
1051 1403 1229 1488 scripsisset
1245 1411 1345 1487 pocta

337 1512 405 1606 εἴθ’
433 1509 488 1599 ὅγε
515 1513 641 1581 Λυδῶν
670 1513 813 1590 λοῖσθος
841 1508 1025 1599 ἁποβρίξας
1053 1509 1176 1598 οἴχεται
1204 1517 1249 1588 εὶς
1273 1509 1345 1577 ’Λῖ-

337 1627 413 1706 δην,
449 1627 536 1689 sive
564 1624 848 1712 ille‘Spartam
877 1624 1018 1688 habuit
1044 1627 1230 1710 patriam,
1258 1627 1344 1690 sive

337 1734 543 1822 Lydorum
564 1735 733 1802 ultimus
757 1736 803 1801 ad
826 1735 984 1799 inferos
1009 1734 1232 1800 descendit.
1275 1736 1346 1800 No-

338 1859 404 1912 tum
434 1857 482 1912 est
503 1847 709 1934 proverbium
735 1849 871 1933 ἔσχατος
894 1847 1030 1912 Μυσῶν.
1071 1843 1269 1932 Ἀποβρίξαι
1290 1823 1345 1912 au-

338 1969 402 2024 tem
433 1958 473 2023 de
502 1962 637 2024 mortuis
666 1980 767 2046 acque
794 1954 1017 2023 benedicitur
1044 1980 1136 2044 quam
1160 1954 1345 2043 ἀποκοιμη-

337 2071 460 2151 θῆναι,
490 2069 578 2157 quod
606 2069 679 2157 plus
701 2069 800 2136 semel
828 2072 864 2135 in
883 2068 1081 2157 Anthologia
1102 2068 1228 2157 legitur.
1274 2068 1343 2136 Cfr.

339 2180 527 2249 Callimachi
549 2183 659 2272 Epigr.
681 2183 790 2261 XVII,
811 2182 842 2246 3.

425 2295 551 2359 LXXX.
596 2292 681 2361 Cod.
703 2293 869 2366 Λεωνίδα.
893 2295 925 2357 οἱ
947 2291 983 2357 δὲ
1006 2285 1210 2381 Μελεάγρου.
1248 2293 1345 2358 Vm

339 2405 411 2471 cod.
427 2401 605 2490 Ἥρινναν,
633 2414 671 2470 ut
697 2407 732 2470 in
753 2403 933 2490 Asclepiad.
961 2404 1071 2492 Epigr.
1094 2405 1238 2484 XXXIV,
1263 2409 1280 2471 l
1312 2401 1346 2471 et

339 2516 427 2603 apud
450 2516 614 2584 Christod.
637 2517 753 2603 Eephr.
779 2517 851 2581 108.
896 2515 1012 2601 Neque
1042 2535 1079 2578 ea
1108 2515 1270 2580 scribendi
1295 2538 1346 2581 ra-

339 2630 386 2693 tio
416 2637 535 2693 temere
564 2627 743 2694 damnanda
773 2637 829 2692 cst.
874 2627 921 2691 Ut
949 2629 1033 2692 enim
1063 2649 1081 2690 a
1108 2622 1190 2715 κόρη
1212 2621 1345 2693 11th-

339 2761 443 2827 ριννα,
460 2735 625 2828 Ἅρπιννα
647 2738 687 2804 ab
711 2734 815 2825 ἅρπη,
840 2740 885 2802 ita
908 2737 947 2802 ab
966 2734 1059 2826 Ἥρα
1081 2747 1169 2803 recte
1191 2739 1346 2804 formatur

334 2847 487 2939 Ἥριννα.
526 2850 592 2916 Sed
614 2847 879 2937 quemadmodum
900 2849 1078 2915 Aeolenses
1100 2852 1135 2914 in
1155 2849 1263 2915 multis
1286 2871 1345 2915 no-

339 2962 478 3027 minibus
500 2961 567 3026 leni
590 2964 704 3049 spiritu
724 2964 775 3026 usi
797 2971 885 3041 sunt,
913 2965 958 3026 ita
981 2963 1075 3026 ctiam
1100 2961 1214 3027 dixisse
1235 2962 1347 3027 viden-

341 3082 393 3138 tur
408 3066 501 3157 Ἦρα
529 3082 562 3137 ct
576 3067 729 3160 ’Ἠριννα

427 3184 582 3248 LXXXII.
619 3185 712 3250 Vs.l
738 3180 904 3272 ὀλιχήριον
927 3208 997 3251 cum
1018 3207 1182 3271 perperam
1206 3185 1261 3249 alii
1282 3207 1344 3273 pro

256 3342 257 3346 ,
341 3296 541 3361 substantivo
564 3295 760 3375 habuissent,
789 3294 961 3362 Jacobsius
989 3295 1023 3361 id
1045 3318 1105 3384 pro
1128 3293 1276 3383 ὀλιγηρὲς
1298 3295 1346 3361 di·
1429 3375 1437 3388 ἡ

343 3417 426 3472 ctum
449 3406 591 3472 credidit
627 3408 725 3473 Immo
749 3402 918 3495 ὀλιχήριον
939 3407 1031 3492 σῆμα
1054 3418 1103 3473 est
1125 3409 1217 3492 σῆμα
1232 3404 1346 3492 ὀλίγον

341 3515 439 3605 ἠρίον
466 3521 549 3605 ἕχον.
600 3519 702 3584 ves
733 3518 803 3584 cod.
833 3523 860 3583 ελ
888 3521 1018 3598 omittit,
1051 3519 1147 3584 habet
1173 3518 1344 3585 Planudcs.

342 3631 400 3696 Vs
423 3632 444 3694 4
468 3626 511 3710 ἦν
531 3627 598 3695 Pal.
642 3621 865 3722 pidacobsius.
909 3629 1090 3697 Brunchius
1113 3626 1175 3708 οἷς.
1220 3632 1347 3720 Legen-

345 3741 419 3807 dum
454 3744 562 3828 potius
591 3736 633 3822 ἥν
662 3737 734 3807 ποτ’
768 3735 829 3826 ἐγώ
858 3737 954 3821 δήϊον
978 3738 1179 3828 Ἀλκιμένης.
1232 3742 1344 3807 Verbo

343 3853 420 3944 δηῖω
448 3874 510 3940 pro
539 3847 639 3933 ὃηῖόω
668 3875 744 3919 usus
780 3863 829 3919 cst
855 3852 1009 3941 Apollon.
1037 3853 1143 3920 Bhod.
1170 3855 1229 3933 III,
1259 3855 1346 3920 1374

343 3958 505 4044 ἀλλήλους
524 3959 691 4051 βριχηὸὸν
713 3960 833 4046 ὲδήῖον.
877 3966 1066 4052 Hesychius,
1087 3969 1207 4046 Ληῖωνε
1233 3958 1346 4029 διακό-

342 4097 441 4140 πτων.
492 4073 579 4141 Idem
601 4076 733 4142 verbum
761 4087 847 4142 recte
876 4079 951 4143 mihi
979 4080 1150 4166 agnovisse
1172 4076 1287 4141 videor
1312 4079 1347 4142 in

316 4177 318 4182 ’
343 4186 456 4251 Niciae
472 4191 610 4253 carmine
627 4188 756 4254 Anthol.
772 4189 838 4253 Pal.
854 4189 911 4266 VI,
929 4189 991 4253 122
1007 4194 1042 4253 ὲν
1059 4183 1243 4274 προμάχοις
1257 4182 1347 4274 ἱδρύ-
