3028 4826
512 467 831 546 commortuus.
954 447 960 466 “

460 698 652 750 ΑΝΟΝΥΜΙῚΕ
669 696 728 748 Pal.
739 695 805 764 Vll,
822 691 884 746 6⁴26·
993 701 996 707 “

214 809 382 897 Ἐσχατιαὶ
403 807 541 896 Λιβύων
564 809 818 896 Νασαμωνίδες,
840 803 946 874 ούκίτι
966 807 1085 896 θηρῶν

260 925 393 990 όθνεσιν
414 919 551 1010 ἠπείρου
571 923 662 987 νῶτα
682 914 914 1008 βαρυνόμεναι,

218 1028 308 1100 ούτοι
329 1035 538 1121 ὲρημαίαισιν
559 1033 612 1099 ἐπὶ
633 1026 824 1112 πτήσσεσθε
846 1027 986 1095 λεόντων

260 1142 401 1233 ὠρυγαῖς
420 1138 609 1234 ψαμάθους
629 1134 723 1230 ἀχρις
742 1139 823 1227 ὑπὲρ
846 1135 1023 1227 Νομάδων,

218 1257 325 1346 φῦλον
347 1257 415 1322 ἐπεὶ
436 1250 606 1340 νήριθμον
627 1258 663 1319 ἐν
686 1253 906 1339 ίχνοπίδαισιν
927 1245 1092 1339 ἀγρευθίν

261 1372 294 1445 ἐς
314 1369 396 1452 μίαν
417 1371 592 1453 αὶχμηταῖς
612 1364 749 1449 Καῖσαρ
771 1365 893 1442 ἔθηκεν
914 1359 933 1429 ὁ
955 1371 1049 1440 παῖς·

218 1481 253 1543 αἱ
276 1479 309 1545 δὲ
331 1479 410 1565 πρὶν
430 1472 604 1565 ἀγραύλου
625 1470 808 1560 εγκοιτάδες
828 1469 1001 1562 ἀκρώρειαν

262 1590 380 1679 θηρῶν
401 1590 460 1655 νῦν
482 1585 612 1676 ἀνδρῶν
634 1591 695 1652 είσι
716 1585 905 1670 βοηλασίαι.

175 1736 270 1800 Vct
292 1731 429 1821 ἠπείρου
449 1735 575 1813 iniuria,
596 1742 633 1798 ut
652 1734 728 1798 mihi
751 1731 877 1819 quidem
894 1730 1038 1811 videturs
1050 1733 1084 1796 in
1105 1735 1173 1797 vitii
1209 1711 1211 1716 ¹
1267 1818 1269 1822 ι

174 1849 385 1933 suspicionem
415 1845 584 1911 adductum
614 1853 671 1909 est
721 1845 823 1910 Vs3
851 1838 1056 1924 πτήσσεσθε,
1085 1843 1173 1930 quod

174 1978 236 2044 pro
264 1952 423 2038 πτήσσετε
445 1955 508 2021 dici
528 1976 625 2043 posse
647 1977 715 2021 nou
737 1955 848 2035 credo,
875 1955 959 2020 haud
986 1954 1082 2021 dubie
1104 1976 1174 2020 cor·
1297 1951 1299 1956 ’

173 2079 299 2155 ruptum
322 2079 378 2149 est,
400 2070 542 2155 quamvis
565 2077 716 2153 agnoscat
730 2066 912 2133 Lobeckius
934 2065 975 2132 ad
990 2067 1173 2131 Buttmanni

175 2179 313 2246 Gramm.
335 2181 374 2259 11,
396 2204 427 2266 p.
442 2182 517 2246 285.
559 2178 643 2246 Cod.
666 2173 843 2246 πεύσεσθε.
881 2176 1092 2244 Scribeudum
1113 2180 1174 2268 igi-

175 2302 227 2357 tur
254 2287 435 2374 πτύρεσθε,
462 2290 516 2356 vel
544 2292 734 2355 coniunctim
756 2285 987 2377 ὲπιπτύρεσθε,
1021 2311 1172 2377 pavore

176 2404 445 2468 exterremini.
482 2401 569 2468 Idem
593 2422 682 2466 error
703 2404 736 2467 in
752 2402 874 2487 Aesopi
895 2399 957 2466 [ab.
979 2402 1113 2490 August.
1129 2404 1172 2468 85

174 2509 383 2595 πτήσσεσθαι
411 2508 507 2602 πρός.
522 2494 583 2589 τάς
609 2514 676 2577 τῶν
703 2506 926 2600 ἀλεκτρυόνων
955 2509 1082 2602 φωνάς,
1116 2514 1173 2579 ubi

176 2624 262 2690 Flor.
286 2622 384 2689 hebet
403 2617 599 2707 πτύρεσθαι,
622 2623 710 2710 quod
731 2633 818 2689 recte
839 2622 981 2711 praefert
1002 2624 1174 2691 Schneide-

174 2758 238 2801 rus.
289 2736 391 2801 Porro
420 2726 511 2800 ούτοι
538 2757 649 2821 porum
676 2734 889 2822 probabiliter
911 2737 1037 2824 scripsit
1056 2737 1174 2803 Jacob-

174 2849 240 2912 sius
262 2867 323 2934 pro
346 2867 386 2912 co
410 2845 497 2932 quod
520 2845 591 2911 cod,
612 2846 709 2913 habet
729 2850 813 2934 ἥγοι.
849 2848 988 2933 Ropoue
1008 2843 1085 2934 ἠγοῖ
1098 2852 1173 2934 ἑρη·

174 2959 307 3043 μαίαισί
334 2955 364 3023 τ’
387 2952 607 3045 επιπτύρεσθε
635 2953 776 3025 λεόντων
809 2954 963 3045 ὠρυγαῖς,
995 2961 1016 3023 i.
1043 2979 1070 3024 e.
1098 2956 1174 3047 ἡχοῖ

175 3066 316 3156 ἀρωγῶν.
360 3071 456 3134 Vs.6
478 3071 704 3156 ineptissimum
727 3080 776 3135 est
798 3066 816 3135 ό
838 3076 930 3150 παῖς,
956 3072 990 3135 iu
1013 3092 1077 3157 quo
1101 3071 1174 3137 suo
1270 3072 1272 3078 '
1303 3129 1305 3132 ,

175 3185 343 3246 stautivum
364 3180 464 3246 latere
488 3181 629 3247 ostendit
649 3181 737 3269 quod
758 3183 851 3246 initio
867 3202 979 3247 versus
1000 3180 1119 3271 legitur
1140 3188 1173 3261 ἐς

158 3294 265 3376 μίαν,
287 3292 375 3380 quod
397 3296 451 3380 qui
473 3315 533 3381 pro
557 3298 602 3371 εὶς
622 3295 658 3360 ἓν
678 3296 817 3380 positum
841 3314 911 3359 esse
933 3295 1173 3361 consetJacob-

175 3406 253 3484 sius,
283 3425 352 3469 eam
373 3407 407 3469 in
434 3427 501 3471 rem
523 3427 599 3472 usus
622 3415 671 3471 est
691 3404 849 3494 Meleagri
870 3405 978 3471 verbis
1002 3407 1060 3471 καὶ
1077 3401 1174 3492 χάρι-

175 3539 236 3592 τοις
257 3517 383 3606 σοιγίαν
404 3513 433 3581 τ’
452 3521 497 3594 είς
517 3518 600 3603 μίαν
620 3512 772 3605 ἦρμόσαο
795 3516 892 3582 Anth.
914 3515 981 3583 Pal.
996 3518 1074 3597 vn,
1097 3519 1172 3584 421.

175 3625 240 3691 Sed
267 3629 302 3691 iu
330 3627 377 3691 his
406 3648 445 3692 ex
471 3627 574 3694 verbo
602 3624 757 3716 ἁρμόζειν
785 3628 825 3694 ad
846 3631 928 3713 μίαν
953 3628 1174 3695 assumendum

175 3737 406 3803 substantivum
429 3734 587 3825 ἁρμογήν.
636 3740 674 3806 lu
702 3750 815 3806 nostro
837 3738 913 3806 loco
935 3739 1120 3826 suspicabar
1141 3747 1175 3818 ἐς

118 3927 122 3934 ¹
173 3850 255 3933 μίαν
277 3843 438 3935 αίχμητάς
451 3850 588 3936 Καῖσαρ
611 3852 713 3931 ἔθηκε
734 3847 852 3930 νάπαν,
873 3861 910 3916 ut
927 3851 1046 3917 deserti
1059 3852 1175 3939 Libyci

175 3958 257 4024 ierus
280 3963 315 4024 in
337 3982 431 4026 unam
447 3961 563 4028 vollem
579 3961 701 4029 Cacsar
716 3962 906 4051 compulisse
925 3963 1056 4030 dicatur.
1079 3965 1175 4031 Nunc

115 4075 118 4080 '
173 4071 279 4137 malim
309 4095 379 4138 cum
400 4074 535 4140 Reiskio
558 4075 695 4164 Καῖσαρ
721 4076 844 4156 ἔθηκεν
865 4069 967 4156 ὀπόν,
995 4079 1035 4141 in
1063 4099 1176 4144 uuam

175 4205 341 4250 caveum.
379 4185 426 4251 Ite
449 4188 547 4275 igitur
568 4189 632 4253 hoc
653 4190 846 4275 poematium
868 4187 1068 4255 smibeudum
1091 4200 1152 4255 est:
