3028 4826
339 457 391 512 loo
678 449 996 511 conlocarunt

338 609 373 670 tv
394 605 519 690 Νεμέᾳ.
563 603 663 689 Quod
684 604 855 670 Jacobsius
884 613 917 670 et
938 601 1201 670 Schneidewinus
1231 602 1339 669 edide-
1440 694 1442 697 .

336 725 420 796 runt,
440 714 494 781 vel
514 725 650 804 propter
670 719 767 781 ictum
787 717 821 780 in
843 715 953 782 ultima
973 713 1101 802 syllaba
1113 717 1204 780 vocis
1226 735 1338 780 πεντε-

336 827 471 894 καίδεκα
498 827 630 914 probari
656 849 725 893 non
752 837 870 915 potest
921 831 1036 913 Νεμέα
1062 825 1257 912 bisyllabum
1280 837 1338 906 est,

336 948 372 1004 ut
400 938 485 1026 apud
507 940 634 1005 Pindar.
661 941 756 1027 Pyth.
777 941 834 1020 IV,
857 942 909 1006 75.
961 936 1266 1005 carlemannum
1296 937 1338 1004 de

209 1105 210 1108 ,
336 1053 444 1115 metris
465 1050 557 1116 Pind.
579 1077 611 1139 p.
626 1054 702 1117 210.
735 1053 817 1116 Huic
839 1049 1028 1116 simillimum
1044 1060 1092 1116 est
1108 1053 1228 1136 ἐγχέας,
1250 1049 1337 1136 quod

337 1161 461 1228 duabus
491 1162 626 1248 syllabis
656 1162 767 1229 extulit
793 1163 965 1228 Anacreon
993 1160 1079 1249 apud
1101 1161 1216 1226 Athen.
1238 1163 1281 1240 X,
1303 1181 1336 1246 p.

162 1261 165 1265 ’
257 1298 265 1304 ,
337 1276 401 1340 ιιι
423 1298 454 1339 a.
478 1284 511 1339 et
533 1275 745 1361 Xenophanes
767 1274 844 1340 iura.
866 1275 925 1355 x1,
947 1299 980 1361 p.
1003 1275 1067 1340 rea
1090 1297 1121 1338 a.

456 1585 458 1588 ·
588 1638 590 1643 ,
622 1575 813 1635 smomnna
830 1584 889 1634 rar.
904 1574 985 1650 run,
1005 1579 1047 1634 19.
1082 1572 1086 1580 '

417 1687 586 1775 ’Ἆνθηκεν
607 1689 675 1761 τόδ’
694 1687 830 1780 ἄγαλμα
852 1696 1054 1784 Κορίνθιος,
1076 1688 1178 1782 ὅσπερ
1200 1693 1291 1759 ένέκα

423 1810 459 1872 έν
480 1807 620 1896 Δελφοῖς
641 1830 720 1872 ποτε
742 1803 942 1891 Νικολᾴὸας,

423 1919 481 1983 καὶ
502 1918 767 1998 Παναθηναίοις
795 1915 980 2010 στεφάνους
1007 1911 1089 2002 λάβε
1111 1912 1199 1984 πέντ’
1226 1911 1275 1980 ἐπ’

932 2025 1072 2106 ἀέθλοις

378 2203 381 2217 ,
422 2137 497 2220 ἑξῆς
517 2136 721 2231 ἀμφιφορεῖς
742 2142 862 2206 ὲλαίον.

419 2246 550 2336 Ἰσθμῷ
572 2248 602 2316 δ’
622 2257 656 2316 ἐν
678 2252 788 2336 ζαθέᾳ
810 2253 880 2340 τρὶς
901 2244 1056 2337 έπισχερώ
1078 2243 1151 2315 ἄλλ’
1170 2253 1320 2335 ἐγένοντο

422 2358 504 2453 ἀκτῇ
524 2363 797 2448 Ποντομέδοντος
818 2353 922 2428 ἆθλα.

335 2497 382 2561 Ita
410 2499 537 2562 tertium
560 2497 719 2567 distichon
748 2502 912 2564 constituit
931 2496 1112 2562 Jacobsius.
1157 2494 1241 2562 Cod.
1265 2516 1336 2560 cor-

335 2611 513 2694 ruptissime
535 2603 690 2696 έπισχερολ
711 2606 780 2676 οὐδ’
795 2615 944 2695 ἐγένοντο
959 2605 1099 2673 ἀκτίνων
1112 2607 1256 2693 τομέδων
1270 2630 1335 2670 πα-

334 2719 473 2804 ταθμοέ.
509 2719 603 2804 Quae
626 2725 782 2786 correctio
807 2743 875 2786 eam
899 2720 941 2786 ob
966 2741 1089 2785 causam
1110 2713 1205 2784 baud
1218 2723 1335 2804 impro-

334 2828 450 2895 babilis
475 2841 536 2911 est,
554 2830 646 2924 'quod
669 2828 738 2897 οὐδ’
766 2841 798 2897 ct
820 2827 907 2897 ἄλλοί
928 2853 996 2897 non
1017 2852 1091 2896 raro
1114 2833 1147 2894 in
1171 2829 1335 2896 codicibus

334 2951 568 3029 permutantur,
590 2952 626 3008 ut
647 2942 733 3030 apud
755 2943 926 3008 Maximum
947 2943 1021 3031 περὶ
1041 2965 1112 3007 κατ.
1136 2943 1200 3007 106
1223 2963 1268 3027 sq.

423 3051 498 3121 οὐδέ
519 3076 574 3120 κεν
597 3051 737 3134 εὐπειθῆ
759 3076 816 3139 μιν
838 3055 905 3140 έχοι
927 3047 1022 3130 πόσις
1044 3048 1113 3119 οὔτ’
1131 3056 1277 3118 ἐπέεσσιν

423 3158 491 3231 οὔτ’
512 3167 625 3254 ἔργοις,
648 3161 721 3229 ἀλλ’
740 3161 793 3230 ἀεί
813 3187 848 3230 ιιε
869 3160 1060 3253 πανήμερον
1082 3158 1295 3251 ὀρσολοπεύοι

421 3271 523 3361 μύθῳ
545 3272 688 3360 ὀνειδεέῳ
709 3279 766 3341 καί
786 3298 821 3341 τε
842 3278 1001 3365 πληγῇσιν
1023 3269 1143 3340 ὶᾶπτοι.

333 3387 401 3452 Ubi
419 3390 577 3453 sententia
591 3387 713 3476 flagitat
729 3384 798 3454 οὐδ’
814 3386 843 3452 e'i
855 3410 889 3452 κε
906 3371 1097 3474 πανήμερον
1111 3380 1333 3474 ὀρσολοπεύοις

334 3499 399 3564 Sed
426 3502 462 3564 in
490 3498 661 3565 Simonidis
689 3499 765 3565 loco
794 3509 936 3586 praestat
962 3496 1048 3563 haud
1078 3495 1174 3562 dubie
1203 3499 1335 3585 egregia

333 3610 474 3700 Pflugkii
497 3610 694 3690 emendatio,
722 3633 815 3698 quam
836 3615 887 3676 vir
908 3610 1191 3677 desideratissimus
1217 3609 1334 3674 multos

305 3777 307 3782 Α
335 3733 408 3788 ante
437 3743 539 3788 annos
567 3743 689 3788 mecum
712 3725 967 3801 communicavit,
992 3743 1078 3786 nunc
1099 3719 1335 3786 Schneidewini

334 3856 494 3900 consensu
523 3833 776 3921 comprobatam,
807 3827 962 3923 έπισχερολ
985 3827 1046 3899 οἶδ’
1066 3827 1228 3898 ἀνελόντα
1248 3824 1334 3896 ἀκτὰ

334 3947 612 4033 Ποντομέδοντος
633 3936 739 4013 ἆθλα.
1065 3924 1069 3931 ¹

734 4107 932 4118 ——--—-·-—

1493 3593 1505 3642 b
