3026 4816
455 425 715 524 innorlrro
740 462 927 523 crrrrol.
1145 466 1197 523 ιιε

188 617 345 709 procedat
366 619 524 683 sententia
546 638 677 683 necesse
701 627 764 682 est=
790 613 884 684 ambo
908 614 1035 704 quidem
1057 616 1196 682 mortali-
1265 624 1269 634 '

188 732 249 798 bns
275 731 409 818 propitii
437 752 559 810 sumus,
587 730 645 796 sed
666 733 751 795 inter
775 749 837 794 nos
858 732 947 816 ipsos
976 723 1085 811 (ἄλλα
1105 725 1191 794 ποθ’

189 837 353 920 corotici.
378 863 405 907 e.
426 834 510 928 πρὸς
531 836 708 922 ἀλλήλους)
733 863 806 906 acre
829 843 945 906 exarsit
967 839 1010 906 de
1032 839 1195 905 sacrificiis

190 976 271 1041 qnae
299 953 395 1020 nobis
424 951 604 1018 offeruntur
632 950 813 1028 dissidium
846 951 902 1017 ille
932 953 1016 1019 enim
1045 950 1196 1040 quicquid

190 1062 346 1130 ambobus
369 1061 511 1129 oblatum
534 1063 637 1143 fuerit,
660 1062 771 1129 avidus
788 1066 1012 1153 praeripit‘ac
1033 1066 1102 1130 sive
1125 1066 1195 1151 quis

189 1185 310 1242 matura
338 1177 406 1241 sive
435 1176 598 1240 Immatrna
627 1177 696 1263 pira
726 1177 929 1263 apposuerit,
964 1177 1070 1241 statim
1099 1174 1196 1240 devo

188 1297 247 1353 rat.
297 1287 408 1372 ltaque
438 1285 574 1352 duorum
602 1308 752 1353 versuum
784 1285 930 1352 lacunam
958 1286 1107 1352 indicavi.
1157 1288 1196 1352 ln

189 1399 256 1464 fine
276 1420 323 1463 vs.
343 1399 363 1464 7
392 1396 563 1486 probabile
593 1408 643 1464 est
669 1398 768 1465 fuisse
791 1398 891 1464 verba
919 1396 989 1464 αίτε
1013 1401 1195 1487 πεπείρους.

188 1513 298 1577 Versu
318 1518 409 1574 sexto
432 1509 504 1575 cod.
528 1532 671 1596 αετωμαν
691 1504 864 1597 παραθής.
906 1509 1057 1577 Correxit
1077 1509 1196 1574 Salma-

190 1626 265 1688 sius.
309 1620 463 1688 Ceterum
485 1621 639 1688 excidisse
661 1620 783 1709 aliquid
804 1643 892 1687 nnnc
915 1624 1008 1687 etiam
1030 1619 1196 1687 Casanbo-

189 1757 264 1801 num
295 1735 458 1799 monuisse
484 1732 591 1799 video.
635 1735 694 1800 Vs.
719 1734 760 1799 12
789 1729 896 1825 ἀμφὶς
918 1732 1058 1799 Eldiclrii
1087 1735 1195 1798 conie-

190 1856 279 1913 ctura
303 1854 365 1922 est3
389 1842 460 1909 cod.
482 1837 595 1935 ἄμφω.
640 1847 699 1911 Vs.
717 1848 758 1910 13
787 1842 859 1910 cod.
882 1839 943 1926 τὴν
963 1841 1064 1911 τοῦθ’
1087 1840 1195 1935 Ἡραί-

189 1959 286 2036 κλεες.
329 1955 420 2022 Plan.
448 1956 491 2037 τῆ
513 1954 624 2038 τοῦθ’,
647 1956 735 2045 quod
763 1960 891 2044 sequuti
918 1967 994 2024 sunt
1014 1956 1195 2024 Brnnclrius

190 2080 224 2137 et
243 2069 425 2136 Jacobsius.
462 2068 508 2133 At
527 2068 599 2134 cod.
621 2067 718 2137 lectio
742 2072 817 2135 satis
833 2067 978 2135 ostendit
991 2067 1194 2135 scribendum

190 2181 289 2248 fuisse
310 2183 365 2248 τὶν
385 2176 486 2246 τοῦθ’
501 2175 689 2268 Ἡράκλεες.
722 2181 803 2247 Ibid.
826 2176 913 2247 ἀλλὰ
933 2176 974 2247 τὺ
989 2183 1103 2269 scripsi
1124 2203 1193 2246 cum

191 2293 397 2361 Casaubono.
443 2290 528 2358 Cod.
551 2289 677 2360 ἀλλότε.
717 2297 719 2300 ’

277 2406 387 2470 XXIX.
417 2405 491 2469 Hoc
506 2427 631 2471 carmen
648 2406 729 2471 alios
744 2403 892 2471 tribuisse
908 2401 1078 2469 Gaetulico
1095 2400 1194 2469 adno-

191 2526 277 2583 tatur
297 2519 330 2582 in
346 2505 417 2582 cod.
432 2516 500 2581 Pal.
535 2516 656 2582 Eadem
679 2517 836 2583 dubitatio
859 2515 901 2582 de
923 2518 1023 2604 epigr.
1040 2515 1178 2580 XXXIX.

278 2630 373 2694 XXX.
409 2630 505 2694 vso
529 2628 599 2694 cod.
618 2626 820 2714 ὃεξεεερηῖσι.
854 2627 1005 2695 Correxit
1022 2627 1194 2693 Jacobsius

190 2744 225 2807 in
247 2744 342 2808 notis.
372 2738 474 2805 Idem
496 2762 541 2805 vs.
561 2744 581 2806 6
611 2743 667 2808 καὶ
689 2761 749 2828 pro
772 2737 858 2805 κατ’.
903 2741 967 2805 Pro
996 2739 1086 2826 δῶρα
1109 2740 1194 2805 idem

190 2855 312 2943 πρῶτα,
334 2873 417 2940 quac
439 2851 628 2942 perelegans
651 2853 832 2918 emendatio
849 2861 905 2918 est
938 2853 1010 2918 Nisi
1025 2852 1110 2917 forte
1125 2842 1194 2918 ὦνα

190 2963 402 3031 scribendum.
448 2963 547 3031 Certe
571 2965 661 3054 δῶρα
683 2973 868 3052 corruptum
892 2974 948 3029 est

278 3076 388 3141 XXXI.
433 3075 517 3143 Cod.
540 3078 707 3156 Λεωνίδα,
729 3079 760 3143 οἱ
784 3076 818 3141 δὲ
842 3070 1058 3142 Μνασάλκοο.
1095 3079 1153 3141 Vs.
1174 3080 1194 3141 l

191 3187 264 3254 cod.
287 3182 377 3264 ἁλός.
422 3187 602 3254 Brunokius
625 3183 735 3266 ἄλλος.
778 3188 950 3253 Jacobsius
974 3177 1064 3265 ἇλος.
1107 3188 1194 3253 Idem

190 3294 321 3365 ταναοίν
342 3303 523 3387 suspicatur
544 3322 604 3387 pro
626 3295 791 3389 κραναοίν,
815 3299 903 3387 quod
925 3321 1002 3364 sane
1024 3304 1195 3386 permirum

190 3413 283 3498 pinus
307 3412 473 3499 epitheton
496 3423 569 3479 est·
595 3414 673 3478 Non
694 3415 798 3477 minus
820 3411 1031 3499 probabiliter
1054 3416 1195 3501 corrigas

190 3518 343 3610 ῥαδινάν,
372 3527 441 3590 sive
462 3524 552 3590 malis
575 3519 735 3610 (ledaldo.
781 3524 948 3612 Theognis
969 3545 1017 3588 vs.
1038 3525 1058 3587 6
1086 3526 1194 3612 φοίνν·

191 3655 247 3711 κος
268 3635 406 3722 ῥαδινῆς
423 3638 538 3723 χερσὶν
559 3640 770 3727 ἐφαψαμένη.
809 3637 1003 3701 Nicaenetus
1022 3632 1107 3721 apud
1121 3636 1195 3699 Par-
1290 3633 1295 3643 '

191 3745 331 3811 tbenium
353 3748 443 3813 Erot.
465 3748 509 3812 XI
530 3748 692 3833 ῥαδαλαῖς
714 3747 898 3831 ἐναλίγκιον
920 3741 1144 3834 ἀρκεύθοισιν.

284 3860 409 3924 XXXII.
460 3861 581 3925 Poetae
616 3880 735 3923 nomen
763 3862 797 3923 in
827 3859 893 3923 Pal.
923 3853 1073 3922 omissum
1100 3856 1197 3923 habet

190 3968 361 4036 Planudes.
403 3972 496 4036 Vsl
522 3992 632 4058 parum
655 3969 823 4036 commode
845 3969 1120 4056 Wyttenbachius
1143 3961 1195 4034 εὕ-

192 4099 308 4168 σημον.
353 4084 418 4148 Aut
440 4081 526 4148 aliud
556 4082 640 4169 pilae
665 4083 831 4169 epitheton
853 4082 932 4147 latet
957 4091 1013 4147 aut
1035 4073 1197 4171 Εὔφημος
