3026 4816
318 455 372 510 lto
581 450 842 511 annonfflo
864 450 1051 512 Clil'l'lGA.

318 602 536 684 scribendum,
558 614 595 670 ut
615 603 681 671 duo
705 603 878 670 donatores
900 614 1124 671 memorentur.
1167 605 1248 672 lhid.
1273 631 1328 674 τοι

318 720 421 783 minus
452 726 526 804 apta
555 715 586 780 h.
609 715 631 781 l.
662 716 833 805 particula,
862 737 925 803 qua
954 725 1086 782 utuntur
1108 716 1235 804 quidem
1257 740 1326 784 non

318 849 391 895 raro
419 837 539 915 poetae
571 829 837 917 epigrammatarii
864 830 899 892 in
927 830 1020 894 initio
1050 831 1238 909 carminum,
1266 829 1326 895 sed

319 961 390 1006 cum
412 938 553 1027 emphasi
575 938 719 1026 quadam,
742 943 793 1006 cui
815 938 922 1006 nullus
943 941 995 1005 hic
1016 939 1107 1006 locus
1130 949 1187 1006 est.
1223 939 1326 1007 Simo·
1428 1013 1431 1018 ¹
1507 967 1508 972 ¹

317 1049 410 1117 nidea
432 1050 528 1117 Anth.
551 1050 618 1116 Pal.
641 1051 704 1133 Vl,
727 1053 771 1117 52
800 1046 884 1118 οὕτω
912 1075 965 1118 τοι
991 1054 1089 1138 μελέα
1115 1045 1226 1117 casani
1247 1054 1326 1119 ποτὶ

318 1164 416 1228 κίονα
436 1155 570 1252 μακρὰν
587 1152 661 1243 ἧσο.
697 1165 799 1230 Poeta
813 1166 945 1253 ignotus
960 1162 1047 1251 apud
1061 1161 1205 1229 Boeckh.
1222 1161 1324 1250 Corp.

318 1273 415 1340 Inscr.
437 1274 503 1340 vol
525 1274 564 1355 11,
585 1298 617 1362 p.
640 1277 693 1342 39.
744 1269 839 1356 Τήνω
862 1298 914 1341 τοι
934 1270 1009 1341 ao‘de
1031 1275 1125 1361 σᾶμα
1146 1268 1185 1340 τὸ
1207 1268 1327 1342 λάϊνον

319 1374 453 1473 ὤρορ’)
475 1381 679 1472 Bitheridum,
702 1381 740 1464 ὅς
759 1383 834 1453 ποκ’
853 1391 890 1452 tn
903 1380 1061 1477 ἀμφιάλῳ
1074 1387 1202 1475 πρᾶτος
1216 1383 1318 1471 ἔγεντ’

315 1491 449 1582 ’Iudae
471 1497 528 1563 uhi
547 1520 578 1562 v.
593 1498 802 1564 Bocchhium.
834 1496 1010 1563 Phalaecus
1024 1497 1134 1585 Epigr.
1145 1498 1194 1562 Vl
1211 1498 1327 1585 χροσρῖ

318 1631 372 1674 τοι
392 1603 571 1698 κροκόεντα
596 1604 804 1700 περιζώσασα
821 1608 956 1695 χιτῶνα.
1007 1611 1056 1674 lta
1079 1610 1164 1674 enim
1184 1608 1325 1675 scriben-

320 1718 395 1785 dum
416 1718 545 1786 videtur
572 1742 633 1809 pro
652 1715 837 1811 xpectando,
864 1718 906 1785 de
928 1741 993 1807 quo
1015 1719 1098 1785 inira
1121 1720 1239 1786 dictum
1262 1731 1320 1786 est.
1354 1769 1357 1776 .

319 1829 392 1896 Alia
413 1834 517 1897 nostri
537 1831 603 1899 loci
625 1835 708 1898 ratio
732 1842 789 1899 est.
822 1834 934 1919 ltaque
954 1833 1038 1897 veh
1061 1834 1173 1919 scripsi
1191 1821 1323 1921 Ἑρμὲίη

318 1963 381 2031 pro
399 1939 546 2036 Ἑρμείῃ,
576 1953 612 2010 ut
632 1967 684 2010 τοι
707 1943 831 2010 dativus
854 1945 904 2009 sit.
949 1942 1029 2008 lbid.
1051 1945 1168 2009 iniuria
1196 1944 1325 2009 πλατα-

243 2141 245 2154 !
318 2047 382 2140 γὴν
408 2056 522 2142 scripsi
549 2077 609 2144 pro
642 2049 829 2138 πλατάγην,
862 2075 1050 2142 quamquam
1084 2054 1324 2122 accommodate

319 2164 360 2230 ad
388 2176 593 2255 praeceptum
620 2167 799 2234 Herodiani
827 2189 878 2255 ap.
907 2164 1015 2232 Schol.
1041 2165 1151 2253 Apoll.
1199 2167 1260 2233 Rh.
1283 2168 1324 2248 ΙΙ,

297 2280 416 2345 1⁰56.

405 2391 536 2457 XXXV.
579 2389 669 2458 Plan.
691 2391 866 2458 Λεωνίδου
894 2393 927 2456 οἱ
949 2390 984 2457 δὲ
999 2371 1149 2478 'capitote
1192 2391 1231 2456 ln
1252 2392 1325 2458 Πε-

319 2503 412 2592 picco
432 2501 605 2569 Jacobsius
632 2502 816 2590 θεοκρίτοο,
839 2523 902 2590 ego
920 2503 1057 2592 Πέρσου
1079 2523 1198 2568 nomen
1219 2502 1324 2569 latere

318 2616 472 2702 suspicor.
503 2615 697 2703 Expressum
710 2614 774 2679 hoc
788 2635 914 2680 carmen
930 2633 1000 2678 esse
1014 2617 1049 2678 in
1063 2613 1201 2680 Lusibus
1215 2615 1324 2681 XXIV

319 2725 414 2792 Anth.
436 2727 506 2791 Lat.
529 2726 567 2806 11,
590 2751 621 2815 p.
645 2728 719 2793 498.
744 2725 910 2791 adnotavit
929 2724 1110 2790 Jacobsius.

405 2839 550 2904 XXXVI.
587 2839 683 2904 ves
707 2837 779 2902 cod.
802 2836 940 2902 ὃινωτοῦ
956 2829 1116 2924 στρεπτὸν
1130 2831 1257 2925 ὕπερθε
1273 2838 1325 2902 λί-

318 2950 398 3014 θου.
436 2949 502 3014 Pro
526 2943 739 3038 capenates.
763 2949 804 3015 G.
827 2947 1041 3014 Schneiderus
1064 2941 1211 3030 στεπτόν,
1234 2949 1325 3035 quod

317 3080 427 3124 verum
449 3059 585 3141 videtur,
608 3082 794 3148 quamquam
815 3061 920 3147 possis
944 3057 1058 3125 eodem
1080 3061 1147 3124 iure
1165 3055 1325 3147 γραπτόν,
1462 3139 1465 3148 γ

318 3172 387 3235 sivc
415 3170 449 3236 id
472 3170 512 3236 de
542 3171 651 3238 tabula
673 3175 758 3260 picta
780 3174 849 3236 sivc
878 3170 918 3237 de
941 3171 1127 3260 anaglypho
1150 3169 1337 3259 intelligas..

318 3283 366 3347 lta
387 3282 549 3348 Leonidas
568 3285 679 3374 Epigr.
701 3285 830 3348 XXXIX
852 3281 893 3348 dc
915 3283 1080 3349 Praxitelis
1096 3283 1215 3348 hm0re
1238 3282 1324 3346 The-

318 3395 440 3480 spiensi
462 3391 521 3480 οὐχ
542 3398 654 3484 ἐτέρου
674 3388 823 3484 γραπτὸν
845 3392 904 3460 ἀπ’
923 3389 1114 3483 ἀρχετύπου.
1153 3392 1220 3460 cfr.
1243 3395 1324 3459 Her-

318 3526 467 3570 maunum
490 3505 610 3593 Opusc.
625 3507 669 3586 V,
691 3530 722 3594 p.
738 3508 814 3572 211.
851 3507 929 3573 Non
949 3517 1036 3573 recte
1053 3511 1136 3573 enim
1149 3506 1323 3576 Jacobsius

318 3625 453 3682 statuam
467 3619 679 3684 Anacreontis
703 3639 771 3684 eam
792 3616 929 3683 describi
946 3621 1108 3699 existimat,
1130 3640 1210 3706 quae
1225 3618 1325 3684 Athe-

318 3729 368 3793 nis
395 3731 430 3793 in
459 3751 532 3795 arce
559 3732 666 3820 posita
688 3739 756 3796 erat
783 3739 866 3795 teste
886 3730 1043 3796 Pausania
1065 3731 1096 3811 Ι,
1118 3733 1176 3797 25:
1204 3731 1265 3796 τοῦ
1286 3730 1323 3796 δὲ
1377 3790 1379 3795 ,

388 3994 421 4066 *)
450 3994 490 4052 lta
502 3993 656 4054 Bocclrhius
673 3997 792 4074 scripsit.
822 3994 905 4076 Lapis
918 4002 1027 4056 ΩΗΕΝ
1041 3999 1059 4055 i.
1073 4018 1095 4054 e.
1114 3999 1222 4056 ΩΞΕΝ.
1250 3995 1324 4054 Scri·

317 4079 434 4139 bendum
451 4083 532 4160 igitur
550 4080 570 4141 ὦ
588 4081 638 4146 ta’
