<?xml version="1.0" encoding="UTF-8"?>
<!DOCTYPE html PUBLIC "-//W3C//DTD XHTML 1.0 Transitional//EN"
    "http://www.w3.org/TR/xhtml1/DTD/xhtml1-transitional.dtd">
<html xmlns="http://www.w3.org/1999/xhtml" xml:lang="en" lang="en">
 <head>
  <title>
</title>
<meta http-equiv="Content-Type" content="text/html;charset=utf-8" />
  <meta name='ocr-system' content='tesseract 3.04.00' />
  <meta name='ocr-capabilities' content='ocr_page ocr_carea ocr_par ocr_line ocrx_word'/>
</head>
<body>
  <div class='ocr_page' id='page_1' title='image "./delectuspoetaru00meingoog_0230.png"; bbox 0 0 3028 4826; ppageno 0'>
   <div class='ocr_carea' id='block_1_1' title="bbox 410 471 1193 533">
    <p class='ocr_par' dir='ltr' id='par_1_1' title="bbox 410 471 1193 533">
     <span class='ocr_line' id='line_1_1' title="bbox 410 471 1193 533; baseline 0 -1"><span class='ocrx_word' id='word_1_1' title='bbox 410 491 412 504; x_wconf 91' lang='grc'><em>·</em></span> <span class='ocrx_word' id='word_1_2' title='bbox 531 471 850 533; x_wconf 66' lang='lat' dir='ltr'>conlucennnn</span> <span class='ocrx_word' id='word_1_3' title='bbox 1140 481 1193 533; x_wconf 80' lang='lat'>205</span> 
     </span>
    </p>
   </div>
   <div class='ocr_carea' id='block_1_2' title="bbox 146 651 1193 2576">
    <p class='ocr_par' dir='ltr' id='par_1_2' title="bbox 146 651 1120 978">
     <span class='ocr_line' id='line_1_2' title="bbox 352 651 918 732; baseline 0.002 -17"><span class='ocrx_word' id='word_1_4' title='bbox 352 663 356 674; x_wconf 86' lang='lat'>·</span> <span class='ocrx_word' id='word_1_5' title='bbox 456 657 682 718; x_wconf 73' lang='lat' dir='ltr'>&#39;ennunumou</span> <span class='ocrx_word' id='word_1_6' title='bbox 699 666 758 717; x_wconf 77' lang='lat' dir='ltr'>Pu.</span> <span class='ocrx_word' id='word_1_7' title='bbox 770 651 837 732; x_wconf 76' lang='lat' dir='ltr'>vu,</span> <span class='ocrx_word' id='word_1_8' title='bbox 857 659 918 716; x_wconf 77' lang='lat' dir='ltr'>me.</span> 
     </span>
     <span class='ocr_line' id='line_1_3' title="bbox 146 772 1120 867; baseline 0.001 -25"><span class='ocrx_word' id='word_1_9' title='bbox 146 803 150 816; x_wconf 91' lang='lat'>·</span> <span class='ocrx_word' id='word_1_10' title='bbox 234 777 365 854; x_wconf 85' lang='grc' dir='ltr'><em>Κλεῦας</em></span> <span class='ocrx_word' id='word_1_11' title='bbox 388 774 407 842; x_wconf 99' lang='lat'><em>6</em></span> <span class='ocrx_word' id='word_1_12' title='bbox 435 779 632 862; x_wconf 79' lang='grc' dir='ltr'><em>Τιμοκλῆος,</em></span> <span class='ocrx_word' id='word_1_13' title='bbox 654 775 733 867; x_wconf 81' lang='grc' dir='ltr'><em>ὑπὲρ</em></span> <span class='ocrx_word' id='word_1_14' title='bbox 760 779 888 866; x_wconf 80' lang='grc' dir='ltr'><em>Θυρέαν</em></span> <span class='ocrx_word' id='word_1_15' title='bbox 909 772 990 866; x_wconf 81' lang='grc' dir='ltr'><em>δόρυ</em></span> <span class='ocrx_word' id='word_1_16' title='bbox 1010 780 1120 856; x_wconf 79' lang='grc' dir='ltr'><strong><em>τείνας</em></strong></span> 
     </span>
     <span class='ocr_line' id='line_1_4' title="bbox 277 884 1061 978; baseline 0.001 -24"><span class='ocrx_word' id='word_1_17' title='bbox 277 885 446 966; x_wconf 65' lang='lat' dir='ltr'>neceam</span> <span class='ocrx_word' id='word_1_18' title='bbox 468 885 657 978; x_wconf 78' lang='grc' dir='ltr'><em>ἀμφίλογον</em></span> <span class='ocrx_word' id='word_1_19' title='bbox 679 889 744 973; x_wconf 77' lang='grc' dir='ltr'>γᾶν</span> <span class='ocrx_word' id='word_1_20' title='bbox 765 884 1061 978; x_wconf 81' lang='grc' dir='ltr'><em>ἀμφιτεμνόμενος.</em></span> 
     </span>
    </p>

    <p class='ocr_par' dir='ltr' id='par_1_3' title="bbox 165 1007 1193 2576">
     <span class='ocr_line' id='line_1_5' title="bbox 189 1007 1193 1110; baseline 0.004 -22"><span class='ocrx_word' id='word_1_21' title='bbox 189 1024 237 1088; x_wconf 84' lang='lat' dir='ltr'>lta</span> <span class='ocrx_word' id='word_1_22' title='bbox 259 1023 331 1088; x_wconf 88' lang='lat' dir='ltr'><strong>cod.</strong></span> <span class='ocrx_word' id='word_1_23' title='bbox 354 1023 421 1089; x_wconf 77' lang='lat' dir='ltr'>Pel.</span> <span class='ocrx_word' id='word_1_24' title='bbox 443 1023 615 1089; x_wconf 89' lang='lat' dir='ltr'>lectionem</span> <span class='ocrx_word' id='word_1_25' title='bbox 636 1023 797 1090; x_wconf 85' lang='grc' dir='ltr'><em>κλεναοου</em></span> <span class='ocrx_word' id='word_1_26' title='bbox 817 1026 1031 1110; x_wconf 86' lang='grc' dir='ltr'><em>τοιμοικλειος</em></span> <span class='ocrx_word' id='word_1_27' title='bbox 1057 1007 1193 1106; x_wconf 72' lang='lat' dir='ltr'>conexit</span> 
     </span>
     <span class='ocr_line' id='line_1_6' title="bbox 187 1130 1193 1224; baseline 0.004 -24"><span class='ocrx_word' id='word_1_28' title='bbox 187 1133 374 1214; x_wconf 74' lang='grc' dir='ltr'>λοοολοείοε,Ι</span> <span class='ocrx_word' id='word_1_29' title='bbox 408 1132 508 1198; x_wconf 85' lang='lat' dir='ltr'>altera</span> <span class='ocrx_word' id='word_1_30' title='bbox 542 1134 668 1221; x_wconf 82' lang='lat' dir='ltr'>syllaba</span> <span class='ocrx_word' id='word_1_31' title='bbox 702 1138 840 1201; x_wconf 89' lang='lat' dir='ltr'>nominis</span> <span class='ocrx_word' id='word_1_32' title='bbox 871 1130 1003 1212; x_wconf 86' lang='grc' dir='ltr'><em>Κλεόας</em></span> <span class='ocrx_word' id='word_1_33' title='bbox 1038 1149 1193 1224; x_wconf 67' lang='lat' dir='ltr'>coneptu,</span> 
     </span>
     <span class='ocr_line' id='line_1_7' title="bbox 165 1227 1193 1335; baseline 0.003 -24"><span class='ocrx_word' id='word_1_34' title='bbox 165 1249 167 1252; x_wconf 76' lang='grc'><strong>’</strong></span> <span class='ocrx_word' id='word_1_35' title='bbox 190 1246 279 1332; x_wconf 91' lang='lat' dir='ltr'>quod</span> <span class='ocrx_word' id='word_1_36' title='bbox 300 1256 389 1311; x_wconf 87' lang='lat' dir='ltr'>recte</span> <span class='ocrx_word' id='word_1_37' title='bbox 411 1227 488 1310; x_wconf 43' lang='lat' dir='ltr'>&#39;fieri</span> <span class='ocrx_word' id='word_1_38' title='bbox 510 1257 618 1332; x_wconf 85' lang='lat' dir='ltr'>potest</span> <span class='ocrx_word' id='word_1_39' title='bbox 640 1249 674 1311; x_wconf 91' lang='lat' dir='ltr'>in</span> <span class='ocrx_word' id='word_1_40' title='bbox 696 1244 786 1324; x_wconf 80' lang='grc' dir='ltr'><em>Αἴας</em></span> <span class='ocrx_word' id='word_1_41' title='bbox 809 1259 841 1311; x_wconf 90' lang='lat' dir='ltr'>et</span> <span class='ocrx_word' id='word_1_42' title='bbox 863 1245 1032 1326; x_wconf 86' lang='lat' dir='ltr'>similibus,</span> <span class='ocrx_word' id='word_1_43' title='bbox 1062 1248 1103 1313; x_wconf 90' lang='lat' dir='ltr'>de</span> <span class='ocrx_word' id='word_1_44' title='bbox 1126 1253 1193 1335; x_wconf 94' lang='lat' dir='ltr'>qui-</span> 
     </span>
     <span class='ocr_line' id='line_1_8' title="bbox 189 1352 1191 1446; baseline 0.004 -24"><span class='ocrx_word' id='word_1_45' title='bbox 189 1358 250 1423; x_wconf 92' lang='lat' dir='ltr'>bus</span> <span class='ocrx_word' id='word_1_46' title='bbox 271 1381 301 1422; x_wconf 91' lang='lat' dir='ltr'>v.</span> <span class='ocrx_word' id='word_1_47' title='bbox 326 1357 367 1422; x_wconf 85' lang='lat' dir='ltr'>ad</span> <span class='ocrx_word' id='word_1_48' title='bbox 391 1358 526 1422; x_wconf 85' lang='lat' dir='ltr'>Theoer.</span> <span class='ocrx_word' id='word_1_49' title='bbox 542 1358 581 1437; x_wconf 88' lang='lat' dir='ltr'>H,</span> <span class='ocrx_word' id='word_1_50' title='bbox 596 1359 626 1421; x_wconf 79' lang='grc'>4.</span> <span class='ocrx_word' id='word_1_51' title='bbox 665 1356 709 1422; x_wconf 82' lang='lat' dir='ltr'>At</span> <span class='ocrx_word' id='word_1_52' title='bbox 730 1352 861 1435; x_wconf 87' lang='grc' dir='ltr'><em>Κλεόας</em></span> <span class='ocrx_word' id='word_1_53' title='bbox 883 1353 1112 1446; x_wconf 83' lang='lat' dir='ltr'>parisyllabum</span> <span class='ocrx_word' id='word_1_54' title='bbox 1136 1371 1191 1426; x_wconf 67' lang='lat' dir='ltr'>est</span> 
     </span>
     <span class='ocr_line' id='line_1_9' title="bbox 189 1449 1193 1556; baseline 0.003 -22"><span class='ocrx_word' id='word_1_55' title='bbox 189 1449 440 1535; x_wconf 86' lang='lat' dir='ltr'>Choeroboseus</span> <span class='ocrx_word' id='word_1_56' title='bbox 470 1467 556 1555; x_wconf 85' lang='lat' dir='ltr'>apud</span> <span class='ocrx_word' id='word_1_57' title='bbox 577 1469 680 1538; x_wconf 86' lang='lat' dir='ltr'>Bekk.</span> <span class='ocrx_word' id='word_1_58' title='bbox 708 1458 830 1534; x_wconf 76' lang='lat' dir='ltr'>Aneed.</span> <span class='ocrx_word' id='word_1_59' title='bbox 859 1494 890 1556; x_wconf 90' lang='lat' dir='ltr'>p.</span> <span class='ocrx_word' id='word_1_60' title='bbox 915 1472 1001 1535; x_wconf 82' lang='lat'>1183</span> <span class='ocrx_word' id='word_1_61' title='bbox 1029 1472 1068 1535; x_wconf 88' lang='grc' dir='ltr'>τό</span> <span class='ocrx_word' id='word_1_62' title='bbox 1089 1467 1193 1550; x_wconf 86' lang='grc' dir='ltr'><em>Λόας</em></span> 
     </span>
     <span class='ocr_line' id='line_1_10' title="bbox 188 1559 1192 1672; baseline 0.005 -28"><span class='ocrx_word' id='word_1_63' title='bbox 188 1573 227 1645; x_wconf 84' lang='grc' dir='ltr'>τό</span> <span class='ocrx_word' id='word_1_64' title='bbox 248 1575 360 1668; x_wconf 86' lang='grc' dir='ltr'><em>κόριον</em></span> <span class='ocrx_word' id='word_1_65' title='bbox 379 1579 421 1663; x_wconf 79' lang='lat'>*)</span> <span class='ocrx_word' id='word_1_66' title='bbox 449 1559 505 1645; x_wconf 79' lang='grc' dir='ltr'>καὶ</span> <span class='ocrx_word' id='word_1_67' title='bbox 534 1574 573 1645; x_wconf 87' lang='grc' dir='ltr'>τό</span> <span class='ocrx_word' id='word_1_68' title='bbox 596 1575 728 1672; x_wconf 85' lang='grc' dir='ltr'><em>Κλεόας</em></span> <span class='ocrx_word' id='word_1_69' title='bbox 752 1582 808 1645; x_wconf 85' lang='grc' dir='ltr'>καὶ</span> <span class='ocrx_word' id='word_1_70' title='bbox 830 1575 868 1646; x_wconf 87' lang='grc' dir='ltr'>τό</span> <span class='ocrx_word' id='word_1_71' title='bbox 891 1581 991 1658; x_wconf 77' lang='grc' dir='ltr'><em>Κέας.</em></span> <span class='ocrx_word' id='word_1_72' title='bbox 1013 1621 1058 1632; x_wconf 91' lang='grc'>-</span> <span class='ocrx_word' id='word_1_73' title='bbox 1085 1585 1192 1649; x_wconf 81' lang='grc' dir='ltr'><em>ταῦτα</em></span> 
     </span>
     <span class='ocr_line' id='line_1_11' title="bbox 188 1681 1192 1779; baseline 0.008 -25"><span class='ocrx_word' id='word_1_74' title='bbox 188 1684 252 1779; x_wconf 75' lang='grc' dir='ltr'><em>μολρ</em></span> <span class='ocrx_word' id='word_1_75' title='bbox 280 1686 393 1756; x_wconf 77' lang='grc' dir='ltr'><em>πάντα</em></span> <span class='ocrx_word' id='word_1_76' title='bbox 421 1692 481 1758; x_wconf 80' lang='grc' dir='ltr'>τοῦ</span> <span class='ocrx_word' id='word_1_77' title='bbox 508 1681 648 1769; x_wconf 87' lang='grc' dir='ltr'><em>κανόνος</em></span> <span class='ocrx_word' id='word_1_78' title='bbox 674 1682 803 1779; x_wconf 73' lang='grc' dir='ltr'><em>ἔχοντα</em></span> <span class='ocrx_word' id='word_1_79' title='bbox 820 1688 859 1758; x_wconf 86' lang='grc' dir='ltr'>οὐ</span> <span class='ocrx_word' id='word_1_80' title='bbox 886 1693 1030 1758; x_wconf 80' lang='grc' dir='ltr'><em>κλίνεται</em></span> <span class='ocrx_word' id='word_1_81' title='bbox 1056 1689 1111 1759; x_wconf 77' lang='grc' dir='ltr'>διό</span> <span class='ocrx_word' id='word_1_82' title='bbox 1133 1696 1192 1762; x_wconf 84' lang='grc' dir='ltr'>τοῦ</span> 
     </span>
     <span class='ocr_line' id='line_1_12' title="bbox 187 1791 1190 1902; baseline 0.003 -18"><span class='ocrx_word' id='word_1_83' title='bbox 187 1804 227 1884; x_wconf 70' lang='grc' dir='ltr'>ν-τ</span> <span class='ocrx_word' id='word_1_84' title='bbox 253 1815 326 1884; x_wconf 80' lang='grc' dir='ltr'><em>ἀλλ’</em></span> <span class='ocrx_word' id='word_1_85' title='bbox 352 1791 591 1902; x_wconf 76' lang='grc' dir='ltr'><em>ὶσοονλλαβως,</em></span> <span class='ocrx_word' id='word_1_86' title='bbox 620 1816 694 1886; x_wconf 82' lang='grc' dir='ltr'><em>οἷον</em></span> <span class='ocrx_word' id='word_1_87' title='bbox 723 1815 741 1883; x_wconf 94' lang='lat'><em>6</em></span> <span class='ocrx_word' id='word_1_88' title='bbox 765 1814 869 1896; x_wconf 82' lang='grc' dir='ltr'><em>Λόας</em></span> <span class='ocrx_word' id='word_1_89' title='bbox 890 1824 949 1887; x_wconf 86' lang='grc' dir='ltr'>τοῦ</span> <span class='ocrx_word' id='word_1_90' title='bbox 970 1817 1056 1887; x_wconf 65' lang='lat' dir='ltr'>Auia</span> <span class='ocrx_word' id='word_1_91' title='bbox 1084 1823 1142 1887; x_wconf 83' lang='grc' dir='ltr'>καὶ</span> <span class='ocrx_word' id='word_1_92' title='bbox 1171 1819 1190 1887; x_wconf 92' lang='lat'><em>6</em></span> 
     </span>
     <span class='ocr_line' id='line_1_13' title="bbox 188 1923 1191 2017; baseline 0.004 -23"><span class='ocrx_word' id='word_1_93' title='bbox 188 1923 318 2005; x_wconf 86' lang='grc' dir='ltr'><em>Κλεόας</em></span> <span class='ocrx_word' id='word_1_94' title='bbox 345 1929 405 1994; x_wconf 83' lang='grc' dir='ltr'>τοῦ</span> <span class='ocrx_word' id='word_1_95' title='bbox 431 1927 520 1994; x_wconf 75' lang='lat' dir='ltr'>Ki&#39;</span> <span class='ocrx_word' id='word_1_96' title='bbox 467 1933 554 1996; x_wconf 82' lang='grc' dir='ltr'><em>λ.ενοι</em></span> <span class='ocrx_word' id='word_1_97' title='bbox 607 1931 679 1995; x_wconf 90' lang='lat' dir='ltr'>Nisi</span> <span class='ocrx_word' id='word_1_98' title='bbox 706 1932 804 2017; x_wconf 82' lang='lat' dir='ltr'>igitur</span> <span class='ocrx_word' id='word_1_99' title='bbox 833 1930 966 1997; x_wconf 86' lang='lat' dir='ltr'>descivit</span> <span class='ocrx_word' id='word_1_100' title='bbox 988 1932 1191 1999; x_wconf 81' lang='lat' dir='ltr'><strong>Chaeremon</strong></span> 
     </span>
     <span class='ocr_line' id='line_1_14' title="bbox 188 2017 1190 2140; baseline 0.005 -36"><span class='ocrx_word' id='word_1_101' title='bbox 188 2040 228 2104; x_wconf 90' lang='lat' dir='ltr'>ab</span> <span class='ocrx_word' id='word_1_102' title='bbox 257 2043 373 2105; x_wconf 83' lang='lat' dir='ltr'>usitata</span> <span class='ocrx_word' id='word_1_103' title='bbox 400 2045 537 2107; x_wconf 93' lang='lat' dir='ltr'>nominis</span> <span class='ocrx_word' id='word_1_104' title='bbox 565 2021 935 2132; x_wconf 67' lang='grc' dir='ltr'><em>ἱοεεοο,1λολεαλῖοοίοοι</em></span> <span class='ocrx_word' id='word_1_105' title='bbox 962 2047 1053 2140; x_wconf 88' lang='lat' dir='ltr'>sequi</span> <span class='ocrx_word' id='word_1_106' title='bbox 1077 2017 1190 2128; x_wconf 86' lang='lat' dir='ltr'>malim,</span> 
     </span>
     <span class='ocr_line' id='line_1_15' title="bbox 188 2127 1190 2241; baseline 0.005 -25"><span class='ocrx_word' id='word_1_107' title='bbox 188 2155 242 2239; x_wconf 92' lang='lat' dir='ltr'>qui</span> <span class='ocrx_word' id='word_1_108' title='bbox 269 2155 395 2240; x_wconf 87' lang='lat' dir='ltr'>scripsit</span> <span class='ocrx_word' id='word_1_109' title='bbox 416 2147 547 2229; x_wconf 87' lang='grc' dir='ltr'><em>Κλεόας</em></span> <span class='ocrx_word' id='word_1_110' title='bbox 575 2127 767 2236; x_wconf 85' lang='grc' dir='ltr'><em>Τιμοκλῆος.</em></span> <span class='ocrx_word' id='word_1_111' title='bbox 812 2156 885 2224; x_wconf 88' lang='grc' dir='ltr'>Ηοο</span> <span class='ocrx_word' id='word_1_112' title='bbox 912 2166 1106 2241; x_wconf 90' lang='lat' dir='ltr'>postremum</span> <span class='ocrx_word' id='word_1_113' title='bbox 1132 2178 1190 2221; x_wconf 89' lang='lat' dir='ltr'>no-</span> 
     </span>
     <span class='ocr_line' id='line_1_16' title="bbox 187 2262 1191 2352; baseline 0.006 -25"><span class='ocrx_word' id='word_1_114' title='bbox 187 2286 260 2329; x_wconf 90' lang='lat' dir='ltr'>men</span> <span class='ocrx_word' id='word_1_115' title='bbox 283 2262 370 2350; x_wconf 89' lang='lat' dir='ltr'>quod</span> <span class='ocrx_word' id='word_1_116' title='bbox 392 2267 514 2343; x_wconf 63' lang='lat' dir='ltr'>attinet,</span> <span class='ocrx_word' id='word_1_117' title='bbox 536 2262 683 2329; x_wconf 78' lang='lat' dir='ltr'>libramus</span> <span class='ocrx_word' id='word_1_118' title='bbox 706 2267 790 2329; x_wconf 85' lang='lat' dir='ltr'>inter</span> <span class='ocrx_word' id='word_1_119' title='bbox 816 2265 1009 2350; x_wconf 80' lang='grc' dir='ltr'><em>Θνμοκλῆος</em></span> <span class='ocrx_word' id='word_1_120' title='bbox 1032 2277 1064 2333; x_wconf 89' lang='lat' dir='ltr'>et</span> <span class='ocrx_word' id='word_1_121' title='bbox 1087 2269 1191 2352; x_wconf 83' lang='grc' dir='ltr'><em>Τιμο-</em></span> 
     </span>
     <span class='ocr_line' id='line_1_17' title="bbox 187 2373 1191 2465; baseline 0.003 -26"><span class='ocrx_word' id='word_1_122' title='bbox 187 2377 287 2455; x_wconf 82' lang='grc' dir='ltr'><em>κλῆος</em></span> <span class='ocrx_word' id='word_1_123' title='bbox 313 2375 483 2441; x_wconf 83' lang='lat' dir='ltr'>ssuetuasse</span> <span class='ocrx_word' id='word_1_124' title='bbox 496 2373 641 2462; x_wconf 66' lang='lat' dir='ltr'>uidetur.</span> <span class='ocrx_word' id='word_1_125' title='bbox 697 2377 801 2441; x_wconf 88' lang='lat' dir='ltr'><strong>Porro</strong></span> <span class='ocrx_word' id='word_1_126' title='bbox 828 2373 908 2465; x_wconf 82' lang='grc' dir='ltr'><em>ὑπέρ</em></span> <span class='ocrx_word' id='word_1_127' title='bbox 931 2379 994 2442; x_wconf 88' lang='lat' dir='ltr'>hoe</span> <span class='ocrx_word' id='word_1_128' title='bbox 1020 2377 1096 2442; x_wconf 89' lang='lat' dir='ltr'>loco</span> <span class='ocrx_word' id='word_1_129' title='bbox 1122 2399 1191 2443; x_wconf 88' lang='lat' dir='ltr'>non</span> 
     </span>
     <span class='ocr_line' id='line_1_18' title="bbox 187 2489 1190 2576; baseline 0.004 -25"><span class='ocrx_word' id='word_1_130' title='bbox 187 2496 274 2551; x_wconf 85' lang='lat' dir='ltr'>reete</span> <span class='ocrx_word' id='word_1_131' title='bbox 303 2509 372 2551; x_wconf 91' lang='lat' dir='ltr'>eum</span> <span class='ocrx_word' id='word_1_132' title='bbox 401 2497 514 2572; x_wconf 85' lang='lat' dir='ltr'>quarto</span> <span class='ocrx_word' id='word_1_133' title='bbox 539 2509 613 2576; x_wconf 85' lang='lat' dir='ltr'>casu</span> <span class='ocrx_word' id='word_1_134' title='bbox 643 2491 850 2553; x_wconf 83' lang='lat' dir='ltr'>coniunctum</span> <span class='ocrx_word' id='word_1_135' title='bbox 869 2498 925 2553; x_wconf 89' lang='lat' dir='ltr'>est.</span> <span class='ocrx_word' id='word_1_136' title='bbox 981 2489 1190 2555; x_wconf 88' lang='lat' dir='ltr'>Scribendum</span> 
     </span>
    </p>
   </div>
   <div class='ocr_carea' id='block_1_3' title="bbox 83 2597 1189 2686">
    <p class='ocr_par' dir='ltr' id='par_1_4' title="bbox 83 2597 1189 2686">
     <span class='ocr_line' id='line_1_19' title="bbox 83 2597 1189 2686; baseline 0.006 -27"><span class='ocrx_word' id='word_1_137' title='bbox 83 2660 87 2668; x_wconf 74' lang='grc'><strong><em>,</em></strong></span> <span class='ocrx_word' id='word_1_138' title='bbox 187 2600 286 2686; x_wconf 82' lang='lat' dir='ltr'>igitur</span> <span class='ocrx_word' id='word_1_139' title='bbox 311 2598 448 2683; x_wconf 81' lang='grc' dir='ltr'><em>Θυρεᾶν.</em></span> <span class='ocrx_word' id='word_1_140' title='bbox 499 2598 571 2684; x_wconf 92' lang='lat' dir='ltr'>lpse</span> <span class='ocrx_word' id='word_1_141' title='bbox 592 2597 798 2674; x_wconf 51' lang='lat' dir='ltr'>¹Chaeremon</span> <span class='ocrx_word' id='word_1_142' title='bbox 825 2604 859 2665; x_wconf 95' lang='lat' dir='ltr'>in</span> <span class='ocrx_word' id='word_1_143' title='bbox 882 2604 1029 2685; x_wconf 86' lang='lat' dir='ltr'>sequenti</span> <span class='ocrx_word' id='word_1_144' title='bbox 1053 2605 1189 2666; x_wconf 85' lang='lat' dir='ltr'>carmine</span> 
     </span>
    </p>
   </div>
   <div class='ocr_carea' id='block_1_4' title="bbox 185 2689 1243 3470">
    <p class='ocr_par' dir='ltr' id='par_1_5' title="bbox 185 2689 1243 3470">
     <span class='ocr_line' id='line_1_20' title="bbox 188 2689 1190 2798; baseline 0.004 -25"><span class='ocrx_word' id='word_1_145' title='bbox 188 2709 247 2791; x_wconf 84' lang='lat' dir='ltr'>(A.</span> <span class='ocrx_word' id='word_1_146' title='bbox 269 2711 304 2774; x_wconf 90' lang='lat' dir='ltr'>P.</span> <span class='ocrx_word' id='word_1_147' title='bbox 328 2709 405 2788; x_wconf 86' lang='lat' dir='ltr'>Vll,</span> <span class='ocrx_word' id='word_1_148' title='bbox 430 2711 513 2789; x_wconf 81' lang='lat'>721)</span> <span class='ocrx_word' id='word_1_149' title='bbox 540 2689 712 2798; x_wconf 61' lang='lat' dir='ltr'>evqsaeu&#39;</span> <span class='ocrx_word' id='word_1_150' title='bbox 737 2700 825 2791; x_wconf 81' lang='grc' dir='ltr'><em>ἦσαν</em></span> <span class='ocrx_word' id='word_1_151' title='bbox 848 2705 961 2776; x_wconf 76' lang='grc' dir='ltr'><em>ἄεθλα</em></span> <span class='ocrx_word' id='word_1_152' title='bbox 982 2707 1089 2798; x_wconf 81' lang='grc' dir='ltr'><em>δορός.</em></span> <span class='ocrx_word' id='word_1_153' title='bbox 1134 2712 1190 2777; x_wconf 84' lang='grc' dir='ltr'>ΑΙ-</span> 
     </span>
     <span class='ocr_line' id='line_1_21' title="bbox 186 2817 1188 2908; baseline 0.004 -22"><span class='ocrx_word' id='word_1_154' title='bbox 186 2831 258 2886; x_wconf 86' lang='lat' dir='ltr'>tero</span> <span class='ocrx_word' id='word_1_155' title='bbox 291 2842 386 2885; x_wconf 89' lang='lat' dir='ltr'>versu</span> <span class='ocrx_word' id='word_1_156' title='bbox 421 2819 591 2886; x_wconf 85' lang='lat' dir='ltr'>Salmasius</span> <span class='ocrx_word' id='word_1_157' title='bbox 624 2824 689 2904; x_wconf 78' lang='grc' dir='ltr'>γᾶν</span> <span class='ocrx_word' id='word_1_158' title='bbox 725 2817 958 2908; x_wconf 77' lang='grc' dir='ltr'><em>ὲπνεννόμενος.</em></span> <span class='ocrx_word' id='word_1_159' title='bbox 1018 2821 1188 2890; x_wconf 81' lang='lat' dir='ltr'>Jacobsius</span> 
     </span>
     <span class='ocr_line' id='line_1_22' title="bbox 187 2925 1241 3061; baseline 0.007 -65"><span class='ocrx_word' id='word_1_160' title='bbox 187 2940 288 3017; x_wconf 76' lang='grc' dir='ltr'><em>γαῖαν</em></span> <span class='ocrx_word' id='word_1_161' title='bbox 316 2925 547 3061; x_wconf 76' lang='grc' dir='ltr'><em>ἐφεσσάμενος.</em></span> <span class='ocrx_word' id='word_1_162' title='bbox 595 2934 755 2998; x_wconf 83' lang='lat' dir='ltr'>Neutru&#39;m</span> <span class='ocrx_word' id='word_1_163' title='bbox 781 2934 912 3037; x_wconf 80' lang='lat' dir='ltr'>probari</span> <span class='ocrx_word' id='word_1_164' title='bbox 941 2945 1059 3022; x_wconf 88' lang='lat' dir='ltr'>potest</span> <span class='ocrx_word' id='word_1_165' title='bbox 1106 2936 1189 3002; x_wconf 90' lang='lat' dir='ltr'>Scri-</span> <span class='ocrx_word' id='word_1_166' title='bbox 1237 2972 1241 2980; x_wconf 75' lang='lat'>=</span> 
     </span>
     <span class='ocr_line' id='line_1_23' title="bbox 185 3039 1188 3161; baseline 0.003 -51"><span class='ocrx_word' id='word_1_167' title='bbox 185 3043 326 3110; x_wconf 87' lang='lat' dir='ltr'>bendum</span> <span class='ocrx_word' id='word_1_168' title='bbox 347 3045 412 3126; x_wconf 78' lang='grc' dir='ltr'>γᾶν</span> <span class='ocrx_word' id='word_1_169' title='bbox 434 3039 713 3130; x_wconf 79' lang='grc' dir='ltr'><em>ἀποτεμνόμενος,</em></span> <span class='ocrx_word' id='word_1_170' title='bbox 740 3047 827 3109; x_wconf 89' lang='lat' dir='ltr'>euius</span> <span class='ocrx_word' id='word_1_171' title='bbox 849 3045 1021 3112; x_wconf 88' lang='lat' dir='ltr'>locutionis</span> <span class='ocrx_word' id='word_1_172' title='bbox 1046 3048 1188 3161; x_wconf 84' lang='lat' dir='ltr'>exempla</span> 
     </span>
     <span class='ocr_line' id='line_1_24' title="bbox 187 3129 1220 3245; baseline 0.003 -24"><span class='ocrx_word' id='word_1_173' title='bbox 187 3155 310 3221; x_wconf 82' lang='lat' dir='ltr'>dabunt</span> <span class='ocrx_word' id='word_1_174' title='bbox 332 3155 440 3220; x_wconf 84' lang='lat' dir='ltr'>lexiea</span> <span class='ocrx_word' id='word_1_175' title='bbox 485 3156 539 3221; x_wconf 86' lang='lat' dir='ltr'>Sic</span> <span class='ocrx_word' id='word_1_176' title='bbox 559 3159 657 3244; x_wconf 84' lang='lat' dir='ltr'>igitur</span> <span class='ocrx_word' id='word_1_177' title='bbox 680 3178 806 3221; x_wconf 86' lang='lat' dir='ltr'>carmen</span> <span class='ocrx_word' id='word_1_178' title='bbox 828 3155 1000 3245; x_wconf 87' lang='lat' dir='ltr'>legendum</span> <span class='ocrx_word' id='word_1_179' title='bbox 1022 3129 1160 3226; x_wconf 86' lang='lat' dir='ltr'>videtur:</span> <span class='ocrx_word' id='word_1_180' title='bbox 1218 3213 1220 3218; x_wconf 95' lang='lat'>.</span> 
     </span>
     <span class='ocr_line' id='line_1_25' title="bbox 229 3265 1243 3364; baseline 0.005 -32"><span class='ocrx_word' id='word_1_181' title='bbox 229 3269 362 3345; x_wconf 84' lang='grc' dir='ltr'><em>Κλεῦας</em></span> <span class='ocrx_word' id='word_1_182' title='bbox 389 3268 586 3351; x_wconf 84' lang='grc' dir='ltr'><em>Τιμοκλῆος,</em></span> <span class='ocrx_word' id='word_1_183' title='bbox 607 3265 686 3356; x_wconf 78' lang='grc' dir='ltr'><em>ὑπὲρ</em></span> <span class='ocrx_word' id='word_1_184' title='bbox 714 3269 842 3354; x_wconf 80' lang='grc' dir='ltr'><em>Θυρεοῖν</em></span> <span class='ocrx_word' id='word_1_185' title='bbox 864 3265 945 3358; x_wconf 81' lang='grc' dir='ltr'><em>δόρυ</em></span> <span class='ocrx_word' id='word_1_186' title='bbox 966 3272 1075 3350; x_wconf 82' lang='grc' dir='ltr'><em>τείνας</em></span> <span class='ocrx_word' id='word_1_187' title='bbox 1191 3361 1192 3364; x_wconf 8' lang='lat'>¹</span> <span class='ocrx_word' id='word_1_188' title='bbox 1241 3301 1243 3312; x_wconf 46' lang='lat'><em>1</em></span> 
     </span>
     <span class='ocr_line' id='line_1_26' title="bbox 273 3374 1037 3470; baseline 0.007 -26"><span class='ocrx_word' id='word_1_189' title='bbox 273 3374 441 3455; x_wconf 72' lang='grc' dir='ltr'><em>κότθανες</em></span> <span class='ocrx_word' id='word_1_190' title='bbox 462 3377 652 3470; x_wconf 76' lang='grc' dir='ltr'><em>ἀμφίλογον</em></span> <span class='ocrx_word' id='word_1_191' title='bbox 676 3381 741 3464; x_wconf 78' lang='grc' dir='ltr'>γᾶν</span> <span class='ocrx_word' id='word_1_192' title='bbox 763 3377 1037 3468; x_wconf 80' lang='grc' dir='ltr'><em>ἀποτεμνόμενος.</em></span> 
     </span>
    </p>
   </div>
   <div class='ocr_carea' id='block_1_5' title="bbox 235 3614 1112 3948">
    <p class='ocr_par' dir='ltr' id='par_1_6' title="bbox 235 3614 1112 3948">
     <span class='ocr_line' id='line_1_27' title="bbox 457 3614 916 3706; baseline 0.011 -22"><span class='ocrx_word' id='word_1_193' title='bbox 457 3614 678 3688; x_wconf 75' lang='lat' dir='ltr'>cunnuumou</span> <span class='ocrx_word' id='word_1_194' title='bbox 695 3636 754 3688; x_wconf 77' lang='lat' dir='ltr'>Pu.</span> <span class='ocrx_word' id='word_1_195' title='bbox 769 3638 835 3706; x_wconf 85' lang='lat' dir='ltr'>vn,</span> <span class='ocrx_word' id='word_1_196' title='bbox 854 3635 916 3689; x_wconf 72' lang='grc' dir='ltr'><em>ενι.</em></span> 
     </span>
     <span class='ocr_line' id='line_1_28' title="bbox 235 3739 1112 3839; baseline 0.007 -27"><span class='ocrx_word' id='word_1_197' title='bbox 235 3749 314 3824; x_wconf 83' lang='grc' dir='ltr'><em>Τοῖς</em></span> <span class='ocrx_word' id='word_1_198' title='bbox 329 3739 443 3834; x_wconf 77' lang='grc' dir='ltr'><em>’Ἀργει</em></span> <span class='ocrx_word' id='word_1_199' title='bbox 464 3742 608 3839; x_wconf 79' lang='grc' dir='ltr'><em>Σπάρτῃ</em></span> <span class='ocrx_word' id='word_1_200' title='bbox 630 3745 660 3813; x_wconf 92' lang='grc' dir='ltr'>τ’</span> <span class='ocrx_word' id='word_1_201' title='bbox 679 3745 750 3816; x_wconf 85' lang='grc' dir='ltr'><em>ἶσαι</em></span> <span class='ocrx_word' id='word_1_202' title='bbox 766 3754 859 3838; x_wconf 80' lang='grc' dir='ltr'><em>χέρες</em></span> <span class='ocrx_word' id='word_1_203' title='bbox 880 3747 937 3817; x_wconf 84' lang='grc' dir='ltr'>ἶσα</span> <span class='ocrx_word' id='word_1_204' title='bbox 960 3752 994 3817; x_wconf 76' lang='grc' dir='ltr'>δὲ</span> <span class='ocrx_word' id='word_1_205' title='bbox 1016 3747 1112 3838; x_wconf 79' lang='grc' dir='ltr'><em>τεύχη</em></span> 
     </span>
     <span class='ocr_line' id='line_1_29' title="bbox 273 3850 1068 3948; baseline 0.004 -24"><span class='ocrx_word' id='word_1_206' title='bbox 273 3854 501 3945; x_wconf 82' lang='grc' dir='ltr'><em>σομβόλομεν·</em></span> <span class='ocrx_word' id='word_1_207' title='bbox 528 3860 649 3948; x_wconf 78' lang='grc' dir='ltr'><em>Θυρέαν</em></span> <span class='ocrx_word' id='word_1_208' title='bbox 671 3858 699 3930; x_wconf 82' lang='grc' dir='ltr'>δ’</span> <span class='ocrx_word' id='word_1_209' title='bbox 719 3850 807 3943; x_wconf 81' lang='grc' dir='ltr'><em>ἦσαν</em></span> <span class='ocrx_word' id='word_1_210' title='bbox 828 3855 941 3928; x_wconf 74' lang='grc' dir='ltr'><em>ἄεθλα</em></span> <span class='ocrx_word' id='word_1_211' title='bbox 963 3857 1068 3947; x_wconf 86' lang='grc' dir='ltr'><em>δορός.</em></span> 
     </span>
    </p>
   </div>
   <div class='ocr_carea' id='block_1_6' title="bbox 163 4061 1186 4237">
    <p class='ocr_par' dir='ltr' id='par_1_7' title="bbox 163 4061 1186 4237">
     <span class='ocr_line' id='line_1_30' title="bbox 163 4061 1186 4154; baseline -0.003 -21"><span class='ocrx_word' id='word_1_212' title='bbox 163 4061 164 4064; x_wconf 16' lang='lat'>¹</span> <span class='ocrx_word' id='word_1_213' title='bbox 254 4071 286 4140; x_wconf 49' lang='grc' dir='ltr'>λ)</span> <span class='ocrx_word' id='word_1_214' title='bbox 317 4069 387 4128; x_wconf 78' lang='lat' dir='ltr'>Lens</span> <span class='ocrx_word' id='word_1_215' title='bbox 405 4071 592 4150; x_wconf 79' lang='lat' dir='ltr'>lithoglyphus</span> <span class='ocrx_word' id='word_1_216' title='bbox 610 4071 661 4129; x_wconf 85' lang='lat' dir='ltr'>fuit</span> <span class='ocrx_word' id='word_1_217' title='bbox 679 4083 706 4129; x_wconf 86' lang='lat' dir='ltr'>et</span> <span class='ocrx_word' id='word_1_218' title='bbox 723 4082 816 4131; x_wconf 78' lang='lat' dir='ltr'>auctor</span> <span class='ocrx_word' id='word_1_219' title='bbox 834 4077 930 4154; x_wconf 78' lang='lat' dir='ltr'>scripti</span> <span class='ocrx_word' id='word_1_220' title='bbox 947 4079 1006 4153; x_wconf 78' lang='grc' dir='ltr'><em>περὶ</em></span> <span class='ocrx_word' id='word_1_221' title='bbox 1022 4084 1106 4134; x_wconf 78' lang='grc' dir='ltr'><em>λίθων</em></span> <span class='ocrx_word' id='word_1_222' title='bbox 1123 4085 1186 4152; x_wconf 68' lang='grc' dir='ltr'><em>γλυ-</em></span> 
     </span>
     <span class='ocr_line' id='line_1_31' title="bbox 185 4157 835 4237; baseline -0.022 -22"><span class='ocrx_word' id='word_1_223' title='bbox 185 4159 248 4230; x_wconf 75' lang='grc' dir='ltr'><em>φῆς,</em></span> <span class='ocrx_word' id='word_1_224' title='bbox 266 4166 337 4213; x_wconf 82' lang='lat' dir='ltr'>teste</span> <span class='ocrx_word' id='word_1_225' title='bbox 356 4157 549 4215; x_wconf 84' lang='lat' dir='ltr'>Choeroboseo</span> <span class='ocrx_word' id='word_1_226' title='bbox 567 4158 586 4216; x_wconf 91' lang='lat' dir='ltr'>l.</span> <span class='ocrx_word' id='word_1_227' title='bbox 604 4158 622 4216; x_wconf 90' lang='lat' dir='ltr'>l.</span> <span class='ocrx_word' id='word_1_228' title='bbox 644 4179 671 4237; x_wconf 87' lang='lat' dir='ltr'>p.</span> <span class='ocrx_word' id='word_1_229' title='bbox 691 4162 767 4218; x_wconf 76' lang='grc'><strong>1182,</strong></span> <span class='ocrx_word' id='word_1_230' title='bbox 833 4198 835 4201; x_wconf 86' lang='grc'>.</span> 
     </span>
    </p>
   </div>
   <div class='ocr_carea' id='block_1_7' title="bbox 0 0 1518 4826">
    <p class='ocr_par' dir='ltr' id='par_1_8' title="bbox 0 0 1518 4826">
     <span class='ocr_line' id='line_1_32' title="bbox 0 0 1518 4826; baseline 0 1"><span class='ocrx_word' id='word_1_231' title='bbox 0 0 1518 4826; x_wconf 95' lang='lat' dir='ltr'> </span> 
     </span>
    </p>
   </div>
  </div>
 </body>
</html>
