3026 4816
330 485 382 540 150
592 479 855 579 nouorsrlo
877 479 1065 542 cnlrlcl.

330 637 409 700 mire
431 632 549 699 dictum
570 633 739 699 videbatur
759 629 857 722 τάξον
879 630 948 719 ἰ’σχε
962 634 1047 718 βίης,
1070 655 1131 699 nec
1153 636 1258 699 minus
1280 636 1337 699 mi-

330 769 397 810 rum
426 745 611 833 Apollinem
638 744 823 832 simpliciter
848 744 911 810 dici
938 741 1108 824 ἀνάσσων,
1138 743 1226 832 qnod
1247 745 1336 811 nulla

332 879 401 922 cum
429 860 498 922 veri
531 860 638 944 specie
668 850 848 922 Brunckius
883 860 918 921 in
942 851 1129 936 Ἀπόλλων,
1163 856 1336 921 Jacobsins

331 971 365 1033 in
386 963 537 1053 ἀνάκτωρ
559 967 710 1034 mutabat.
755 969 865 1054 ltaque
887 978 1006 1033 mutata
1029 967 1234 1033 distinctione
1258 989 1335 1033 con-

332 1082 419 1145 iunxi
439 1080 515 1164 βίης
533 1075 680 1168 Ἑκάεργ’
707 1076 878 1159 ἀνάσσων,
907 1079 1171 1167 quemadmodum
1194 1075 1336 1162 ἀγλαίαςΙ

332 1186 488 1256 ἀνάσσων
508 1190 607 1256 habes
631 1191 717 1278 apud
738 1191 866 1256 Pindar.
888 1192 1001 1280 fragm.
1026 1194 1099 1256 115.
1144 1192 1179 1254 1V
1180 1192 1241 1257 s.3
1271 1190 1337 1256 for-

331 1312 416 1368 tasse
438 1325 508 1368 cum
530 1301 695 1367 Brunchio
717 1301 891 1391 legendum
917 1297 958 1369 cii
980 1322 1033 1368 σοι
1056 1305 1203 1391 φαρέτρη
1226 1297 1338 1367 λύεται

332 1409 535 1489 λυκοκτόνος.
569 1414 665 1479 Vst
687 1414 759 1479 cod.
782 1411 915 1494 ἠϊθέοις
936 1409 1077 1501 οἶστρον.
1112 1411 1262 1480 Correxit
1282 1414 1337 1476 Ja-

334 1525 476 1605 cobsius‚
505 1525 559 1609 qui
588 1523 629 1589 de
652 1525 770 1613 ἔρωτος
792 1523 893 1610 ὀϊστῷ
921 1529 965 1590 ita
988 1525 1174 1612 disputavit,
1202 1533 1239 1588 ut
1260 1524 1337 1588 mihi

334 1635 462 1723 quidem
490 1636 711 1702 satisfecerit.
756 1640 814 1703 Vs.
839 1641 857 1704 7
887 1637 1024 1703 fortasse
1051 1639 1167 1700 iniuria
1189 1644 1337 1716 tentatur,

334 1750 361 1812 si
389 1750 424 1812 in
452 1748 536 1812 hunc
558 1731 684 1812 sensum
707 1751 894 1835 accipiatur,
922 1741 1025 1837 πυρὸς
1052 1741 1116 1834 γάρ
1142 1741 1226 1811 ἀλαί
1248 1751 1338 1815 ἐστιν

335 1857 402 1923 scil.
431 1861 459 1923 si
487 1862 558 1945 quis
586 1870 711 1949 pugnat
737 1882 910 1948 puerorum
938 1880 1046 1924 amore
1076 1855 1226 1923 conlisus.
1270 1858 1337 1924 Vel

334 1969 506 2057 simplicius
534 1964 638 2059 πυρὸς
664 1964 729 2060 γάρ
757 1967 841 2052 ἀλκή
869 1975 958 2036 ἐστιν
985 1967 1006 2049 ἡ
1035 1964 1172 2058 φιλότης
1199 1965 1335 2058 κούρων.

335 2083 430 2146 Vsu
452 2081 550 2146 verba
566 2083 792 2158 Μελιστίωνος
812 2075 979 2166 πατρώϊον
1001 2080 1102 2164 σέβας
1123 2101 1184 2166 pro
1209 2084 1337 2146 circum·

335 2192 499 2258 locutione
531 2193 677 2259 habenda
713 2216 783 2259 esse
811 2192 961 2259 videntur
984 2191 1155 2257 Jacobsio:
1183 2191 1337 2274 Melistio,

335 2307 390 2390 qui
411 2304 545 2393 gloriam
576 2314 608 2370 et
629 2307 776 2372 virtutem
805 2329 822 2370 a
852 2303 1037 2391 parentibus
1065 2311 1215 2389 tanquam
1239 2307 1338 2392 patri-

333 2419 474 2483 monium
497 2419 627 2504 accepit.
664 2418 742 2483 Non
765 2416 862 2482 credo
885 2418 948 2481 hoc
968 2415 1046 2480 ferri
1068 2435 1175 2502 posse.
1213 2415 1337 2502 Optare

334 2527 462 2594 videtur
484 2538 582 2615 poeta
604 2538 640 2594 ut
653 2528 797 2594 Melistio
819 2527 934 2594 bellica
956 2531 1072 2593 virtute
1095 2525 1227 2591 eandem
1250 2527 1337 2613 apud

335 2643 421 2706 cives
443 2649 601 2705 mereatur
617 2643 751 2729 gratiam
766 2651 799 2706 et
812 2643 1031 2724 reverentiam,
1053 2660 1146 2726 quam
1161 2647 1253 2725 pater
1268 2641 1337 2703 eius

336 2762 550 2839 consequutus
573 2761 650 2817 erat.
699 2752 809 2838 ltaque
831 2754 941 2817 nescio
964 2773 1005 2816 an
1027 2772 1088 2838 pro
1112 2751 1338 2827 Μελιστίωνος

334 2863 537 2929 scribendum
559 2865 601 2928 sit
623 2864 841 2941 Metrodoro,
864 2884 929 2949 quo
952 2843 1071 2941 errore,
1092 2870 1244 2927 monente
1258 2861 1338 2927 Por-

334 2996 418 3040 sono
440 2974 481 3040 ad
503 2975 614 3062 Eurip.
636 2975 714 3039 Hec.
738 2977 811 3054 782,
832 2974 911 3039 nihil
932 2972 1115 3061 proclivius.
1160 2972 1258 3060 Apud
1281 2974 1338 3037 Ti-

333 3107 460 3151 monem
480 3086 640 3175 Diogenis
655 3088 761 3151 Laert,
776 3087 828 3165 lx,
844 3087 887 3152 69
911 3084 951 3151 de
971 3085 1140 3172 Pyrrhone
1161 3085 1241 3149 haec
1262 3088 1339 3150 scri-

333 3198 475 3263 bentem:
502 3191 525 3278 ἢ
545 3191 605 3264 τὸν
626 3194 684 3263 ἀπ’
709 3193 899 3285 ἀνθρώπων
921 3191 1123 3282 αὐτόσχολον
1152 3193 1337 3277 αὐτολαλη-

333 3304 395 3390 τὴν
409 3308 452 3390 *)‚
474 3305 533 3374 οὐκ
554 3304 783 3396 ἐμπαζόμενον
805 3304 903 3389 δόξης
917 3308 1033 3396 ἐρίδων
1054 3331 1088 3372 τε
1109 3308 1252 3386 Φίλωνα,
1273 3330 1336 3394 pro

337 3423 473 3488 Φίλωνα
493 3420 696 3488 scribendum
721 3421 878 3496 Φίλωνος.
929 3419 967 3485 ld
990 3423 1073 3484 enim
1096 3418 1338 3486 docerevoluit

332 3535 510 3620 Diogenes,
532 3531 697 3598 Philonem
715 3532 814 3598 luisse
828 3525 997 3619 ἐριστικόν,
1018 3531 1216 3618 Pyrrhonem
1231 3539 1337 3596 autem

335 3668 353 3709 a
376 3645 586 3731 sophistarum
610 3642 877 3730 disputationibus
900 3641 1049 3709 alienum.

401 3853 434 3922 *l
463 3850 502 3907 lta
519 3851 618 3928 scripsi
637 3869 686 3928 pro
710 3870 742 3907 eo
761 3849 834 3927 quod
852 3849 916 3907 libri
934 3849 1034 3907 habent
1051 3849 1201 3922 ἀπόσχολον
1219 3852 1338 3907 αὐτολα-

332 3938 417 4011 λητὴν.
453 3929 523 3994 Male
545 3958 616 3995 nnnc
641 3959 674 3995 ex
691 3936 827 3995 lleihomii
849 3939 1002 3995 coniectura
1026 3937 1124 4013 legitur
1145 3938 1162 4010 ἢ
1185 3940 1232 3993 τὸν
1250 3934 1338 3992 ἀπάν-

333 4036 444 4099 θρωπον
466 4029 510 4080 καλ
533 4023 681 4096 ἀπόσχολον
704 4024 890 4098 αὒτολαλητήν.
931 4023 1102 4097 Αὗτόσχολος
1124 4033 1167 4080 est
1191 4024 1246 4100 qul
1269 4021 1338 4078 illel

333 4119 440 4180 vacat,
458 4131 522 4168 non
539 4109 628 4168 aliis.
