3026 4816
446 445 708 508 annumero
730 447 919 509 cnlrlcn.
1137 454 1187 508 1⁴7

269 599 341 666 Vll.
380 601 475 665 Ver
509 595 576 665 ἀπὸ
599 603 724 687 scripsi,
753 611 789 666 ut
810 604 873 667 iarn
895 601 1108 668 Casauhonus
1130 624 1187 668 vo-

181 712 250 778 luit.
296 709 408 800 Vulgo
431 713 499 790 ἐπὶ,
528 711 615 797 quod
644 713 685 777 ad
714 715 903 778 sententiam
930 735 1042 801 parurn
1065 735 1187 780 accum-

180 823 342 890 modatum
365 832 423 888 est.

268 934 357 1000 vlu.
402 935 606 1024 Epigramma
629 934 706 1002 ,hoc
734 932 932 1001 Callimacho
960 937 1184 1025 assignandum

179 1044 315 1125 videtur,
338 1048 391 1111 cui
413 1045 549 1112 alterum
571 1044 731 1112 distichon
752 1045 863 1112 tribuit
882 1045 1041 1114 Plutarch.
1065 1050 1106 1114 V.
1120 1050 1184 1115 An-

180 1166 248 1222 ton.
272 1180 299 1222 c.
323 1161 375 1224 70.
426 1160 505 1223 Rari
527 1156 613 1245 apud
634 1156 835 1223 Plutarchum
858 1161 892 1223 in
912 1161 1102 1245 scriptorum
1124 1182 1184 1226 no-

179 1269 319 1334 minihus
349 1290 488 1350 errores,
516 1272 550 1335 in
579 1268 650 1357 cod.
680 1268 898 1358 Anthologiae
926 1270 1183 1357 frequentissimi.

179 1381 277 1447 Vs3
300 1383 430 1447 ἑσοικέω
453 1381 526 1447 cod.
549 1391 582 1446 et
602 1380 686 1446 Plut.
732 1382 861 1448 ἐνοικέω
882 1379 995 1446 Plan«

351 1770 619 1833 minemo
643 1769 1014 1834 mummolo.

267 1914 292 1980 Ι.
331 1915 433 1980 vet
462 1917 494 1979 oi
522 1913 703 1979 Brunchius
736 1935 798 2001 pro
826 1937 889 1980 τοι.
938 1914 1111 2001 Sequentia
1138 1916 1182 1980 ita

179 2025 618 2114 interpretaturndacohsius:
653 2045 727 2112 pro
763 2023 1003 2111 capillorum
1033 2024 1182 2120 deco're

180 2137 375 2225 deposito
410 2134 521 2203 aliud
557 2139 592 2202 ei
620 2138 833 2224 contingat
864 2135 1001 2214 decus,
1033 2136 1183 2203 hedera

181 2249 459 2328 Atheniensis,
481 2246 1097 2336 doctarumpraemiafrontium.
1127 2247 1184 2313 Ae

146 2410 147 2414 ,
180 2364 235 2450 qni
262 2359 343 2427 illud
372 2359 484 2425 aliud
515 2358 555 2424 de
584 2381 644 2425 suo
667 2358 789 2425 addidit
810 2362 860 2424 vir
886 2360 1049 2447 egregium
1078 2380 1183 2447 neque

178 2470 299 2551 κάλλος
321 2475 368 2537 sie
389 2482 425 2538 ut
446 2472 510 2536 hoc
531 2470 606 2536 loco
629 2493 766 2557 unquam
782 2469 822 2535 de
845 2479 1034 2535 ornamento
1051 2469 1104 2534 vel
1127 2470 1182 2537 de·
1225 2475 1230 2481 “

180 2606 258 2651 core
281 2582 406 2648 dicitur.
449 2581 630 2648 Brunchius
652 2584 771 2669 Teupii
794 2583 1008 2646 coniecturam
1029 2591 1181 2668 sequutus
1220 2653 1224 2660 ,

180 2695 281 2762 edidit
308 2691 428 2772 κάλλος
449 2695 540 2776 ἐπείη
563 2689 606 2770 ὡς
629 2694 817 2780 Χαρνῆθεν
838 2689 890 2759 ἀεὶ
914 2686 1027 2770 κισσὸς
1047 2688 1182 2779 ἀεξόμε-

178 2830 247 2875 νον.
292 2806 358 2874 Sed
382 2807 517 2893 Χαρναὶ
538 2827 599 2894 pro
618 2802 780 2890 Ἀχαρναί
800 2825 842 2869 ne
864 2805 1032 2890 Euphorio
1054 2803 1181 2892 quidem

180 2918 287 2984 dicere
315 2939 409 2984 ausus
438 2918 543 2983 fuerit.
587 2915 791 2982 Probabilius
820 2919 961 3006 corrigas
991 2909 1093 2994 καλὸς
1119 2936 1180 3003 pro

179 3026 307 3108 κάλλος.
353 3028 419 3094 Sed
440 3051 551 3095 verum
575 3038 624 3094 est
644 3026 730 3093 haud
753 3027 864 3093 dubie:

246 3138 323 3208 ἀντὶ
344 3141 380 3206 δὲ
404 3143 436 3207 οἱ
457 3140 675 3225 πλοκαμῑδος,
693 3134 864 3222 Ἐκήβολε,
885 3133 1005 3217 κᾶλλος
1025 3141 1116 3220 ἐπείη

285 3249 508 3341 χὼχαρνῆθεν
529 3248 581 3318 ἀεὶ
602 3242 715 3326 κισσὸς
736 3244 920 3335 ἁεξόμενος.

180 3364 284 3453 Optat
305 3367 403 3452 igitur
423 3373 522 3451 poeta
544 3373 580 3428 ut
601 3383 663 3449 pro
686 3360 837 3447 deposito
854 3361 1043 3449 capillorum
1064 3361 1182 3428 decore

180 3486 213 3542 et
234 3486 385 3542 venustas
406 3495 509 3562 puero
534 3484 566 3541 et
586 3473 706 3540 hedera
727 3472 940 3540 Acharneusis
962 3476 982 3538 i.
1006 3495 1033 3540 e.
1055 3477 1182 3561 poetica

179 3590 280 3653 virtus
304 3586 459 3676 obtingat

267 3699 307 3763 11.
344 3700 438 3764 Vsl
470 3697 541 3763 cod.
571 3691 768 3785 οὐχοτρηχῦς
790 3698 860 3762 etia
879 3698 993 3775 θαῖος.
1042 3698 1183 3762 Permira

181 3807 222 3874 de
244 3810 292 3874 his
314 3810 419 3875 verbis
444 3811 613 3874 commenti
635 3817 710 3873 sunt
725 3810 841 3884 critici;
863 3830 901 3873 ac
915 3830 958 3873 ne
973 3806 1095 3874 Graefii
1116 3810 1184 3894 qui-

181 3918 254 3985 dem
276 3922 378 4008 Epist.
410 3924 476 3987 crit.
508 3945 540 4009 p.
565 3923 626 3985 111
659 3920 842 3984 coniectura
872 3916 911 3984 οὐ
944 3921 1064 4006 Τρηχὶς
1091 3919 1183 3984 nnt-

181 4053 246 4108 ειος
274 4030 325 4096 ἐπ’
352 4030 452 4098 ὀστέα
480 4041 571 4098 κεῖνα
598 4025 765 4109 καλύπτει,
794 4029 834 4094 ab
858 4029 1014 4096 Jacobsio
1042 4033 1076 4096 in
1098 4028 1182 4096 Add.

904 4143 948 4207 10
963 4141 985 4186 ⁴*
