<?xml version="1.0" encoding="UTF-8"?>
<!DOCTYPE html PUBLIC "-//W3C//DTD XHTML 1.0 Transitional//EN"
    "http://www.w3.org/TR/xhtml1/DTD/xhtml1-transitional.dtd">
<html xmlns="http://www.w3.org/1999/xhtml" xml:lang="en" lang="en">
 <head>
  <title>
</title>
<meta http-equiv="Content-Type" content="text/html;charset=utf-8" />
  <meta name='ocr-system' content='tesseract 3.04.00' />
  <meta name='ocr-capabilities' content='ocr_page ocr_carea ocr_par ocr_line ocrx_word'/>
</head>
<body>
  <div class='ocr_page' id='page_1' title='image "./delectuspoetaru00meingoog_0181.png"; bbox 0 0 3026 4816; ppageno 0'>
   <div class='ocr_carea' id='block_1_1' title="bbox 336 471 1070 532">
    <p class='ocr_par' dir='ltr' id='par_1_1' title="bbox 336 471 1070 532">
     <span class='ocr_line' id='line_1_1' title="bbox 336 471 1070 532; baseline 0.001 -3"><span class='ocrx_word' id='word_1_1' title='bbox 336 475 388 530; x_wconf 83' lang='lat'>156</span> <span class='ocrx_word' id='word_1_2' title='bbox 602 471 859 532; x_wconf 69' lang='lat' dir='ltr'>annotatio</span> <span class='ocrx_word' id='word_1_3' title='bbox 883 471 1070 531; x_wconf 70' lang='lat' dir='ltr'>culmen.</span> 
     </span>
    </p>
   </div>
   <div class='ocr_carea' id='block_1_2' title="bbox 244 621 1336 1269">
    <p class='ocr_par' dir='ltr' id='par_1_2' title="bbox 244 621 1336 1269">
     <span class='ocr_line' id='line_1_2' title="bbox 244 621 1336 715; baseline 0.003 -28"><span class='ocrx_word' id='word_1_4' title='bbox 244 693 247 699; x_wconf 63' lang='grc'><strong>,</strong></span> <span class='ocrx_word' id='word_1_5' title='bbox 335 634 385 688; x_wconf 87' lang='lat' dir='ltr'>ete</span> <span class='ocrx_word' id='word_1_6' title='bbox 407 624 534 710; x_wconf 85' lang='lat' dir='ltr'><strong>scripsit</strong></span> <span class='ocrx_word' id='word_1_7' title='bbox 555 625 652 715; x_wconf 78' lang='grc' dir='ltr'><em>νικῇς,</em></span> <span class='ocrx_word' id='word_1_8' title='bbox 674 625 741 689; x_wconf 91' lang='lat' dir='ltr'>uhi</span> <span class='ocrx_word' id='word_1_9' title='bbox 762 627 922 690; x_wconf 81' lang='lat' dir='ltr'>vicisti?</span> <span class='ocrx_word' id='word_1_10' title='bbox 959 623 1058 710; x_wconf 84' lang='lat' dir='ltr'>Quod</span> <span class='ocrx_word' id='word_1_11' title='bbox 1080 627 1224 711; x_wconf 91' lang='lat' dir='ltr'>sequitur</span> <span class='ocrx_word' id='word_1_12' title='bbox 1241 621 1336 692; x_wconf 88' lang='grc' dir='ltr'><em>Ἰσθ-</em></span> 
     </span>
     <span class='ocr_line' id='line_1_3' title="bbox 333 729 1336 820; baseline 0.004 -22"><span class='ocrx_word' id='word_1_13' title='bbox 333 729 398 820; x_wconf 86' lang='grc' dir='ltr'>μόν</span> <span class='ocrx_word' id='word_1_14' title='bbox 425 733 606 800; x_wconf 88' lang='lat' dir='ltr'>Brunekius</span> <span class='ocrx_word' id='word_1_15' title='bbox 642 738 676 800; x_wconf 95' lang='lat' dir='ltr'>in</span> <span class='ocrx_word' id='word_1_16' title='bbox 700 732 838 820; x_wconf 87' lang='grc' dir='ltr'><em>Ἰσθμοῖ</em></span> <span class='ocrx_word' id='word_1_17' title='bbox 865 735 1014 801; x_wconf 88' lang='lat' dir='ltr'>mutabat.</span> <span class='ocrx_word' id='word_1_18' title='bbox 1070 734 1220 801; x_wconf 88' lang='lat' dir='ltr'>Debebat</span> <span class='ocrx_word' id='word_1_19' title='bbox 1249 745 1336 802; x_wconf 85' lang='lat' dir='ltr'>certe</span> 
     </span>
     <span class='ocr_line' id='line_1_4' title="bbox 328 839 1336 933; baseline 0.001 -22"><span class='ocrx_word' id='word_1_20' title='bbox 328 839 464 932; x_wconf 80' lang='grc' dir='ltr'><em>Ἴσθμι’.</em></span> <span class='ocrx_word' id='word_1_21' title='bbox 497 846 562 911; x_wconf 90' lang='lat' dir='ltr'>Sed</span> <span class='ocrx_word' id='word_1_22' title='bbox 577 857 664 912; x_wconf 88' lang='lat' dir='ltr'>recte</span> <span class='ocrx_word' id='word_1_23' title='bbox 680 847 798 911; x_wconf 87' lang='lat' dir='ltr'>hahere</span> <span class='ocrx_word' id='word_1_24' title='bbox 809 842 954 933; x_wconf 89' lang='grc' dir='ltr'><em>Ἰσθμόν</em></span> <span class='ocrx_word' id='word_1_25' title='bbox 968 846 1065 912; x_wconf 92' lang='lat' dir='ltr'>docet</span> <span class='ocrx_word' id='word_1_26' title='bbox 1079 869 1216 912; x_wconf 89' lang='lat' dir='ltr'>marmor</span> <span class='ocrx_word' id='word_1_27' title='bbox 1227 847 1336 933; x_wconf 85' lang='lat' dir='ltr'>Smyr-</span> 
     </span>
     <span class='ocr_line' id='line_1_5' title="bbox 333 953 1336 1046; baseline 0 -25"><span class='ocrx_word' id='word_1_28' title='bbox 333 979 446 1022; x_wconf 90' lang='lat' dir='ltr'>naeum</span> <span class='ocrx_word' id='word_1_29' title='bbox 469 958 553 1046; x_wconf 93' lang='lat' dir='ltr'>apud</span> <span class='ocrx_word' id='word_1_30' title='bbox 575 958 717 1024; x_wconf 89' lang='lat' dir='ltr'>Boeckh.</span> <span class='ocrx_word' id='word_1_31' title='bbox 741 955 842 1044; x_wconf 86' lang='lat' dir='ltr'>Corp.</span> <span class='ocrx_word' id='word_1_32' title='bbox 865 959 962 1022; x_wconf 91' lang='lat' dir='ltr'>lnscr.</span> <span class='ocrx_word' id='word_1_33' title='bbox 985 959 1024 1036; x_wconf 91' lang='lat'>11,</span> <span class='ocrx_word' id='word_1_34' title='bbox 1046 982 1076 1045; x_wconf 91' lang='lat' dir='ltr'>p.</span> <span class='ocrx_word' id='word_1_35' title='bbox 1095 961 1159 1025; x_wconf 87' lang='lat'>739</span> <span class='ocrx_word' id='word_1_36' title='bbox 1183 953 1336 1034; x_wconf 81' lang='grc' dir='ltr'><strong><em>Πόπλιος</em></strong></span> 
     </span>
     <span class='ocr_line' id='line_1_6' title="bbox 335 1063 1336 1156; baseline 0.001 -24"><span class='ocrx_word' id='word_1_37' title='bbox 335 1105 376 1118; x_wconf 92' lang='grc'><strong>-</strong></span> <span class='ocrx_word' id='word_1_38' title='bbox 399 1063 590 1156; x_wconf 81' lang='grc' dir='ltr'><em>κιθαρῳδὸς</em></span> <span class='ocrx_word' id='word_1_39' title='bbox 616 1065 719 1155; x_wconf 80' lang='grc' dir='ltr'><em>μόνος</em></span> <span class='ocrx_word' id='word_1_40' title='bbox 745 1073 802 1135; x_wconf 89' lang='grc' dir='ltr'>καὶ</span> <span class='ocrx_word' id='word_1_41' title='bbox 822 1071 950 1154; x_wconf 83' lang='grc' dir='ltr'><em>πρῶτος</em></span> <span class='ocrx_word' id='word_1_42' title='bbox 971 1072 1036 1134; x_wconf 85' lang='grc' dir='ltr'>τῶν</span> <span class='ocrx_word' id='word_1_43' title='bbox 1062 1067 1119 1134; x_wconf 81' lang='grc' dir='ltr'>ἀπ’</span> <span class='ocrx_word' id='word_1_44' title='bbox 1146 1070 1265 1146; x_wconf 72' lang='grc' dir='ltr'><em>αἰῶνος</em></span> <span class='ocrx_word' id='word_1_45' title='bbox 1286 1090 1336 1133; x_wconf 93' lang='grc' dir='ltr'>νι-</span> 
     </span>
     <span class='ocr_line' id='line_1_7' title="bbox 332 1173 1336 1269; baseline 0 -26"><span class='ocrx_word' id='word_1_46' title='bbox 332 1173 438 1259; x_wconf 80' lang='grc' dir='ltr'><em>κήσας</em></span> <span class='ocrx_word' id='word_1_47' title='bbox 457 1173 534 1257; x_wconf 85' lang='grc' dir='ltr'><em>τούς</em></span> <span class='ocrx_word' id='word_1_48' title='bbox 546 1178 854 1267; x_wconf 79' lang='grc' dir='ltr'><em>ὑπογεγραμμένους</em></span> <span class='ocrx_word' id='word_1_49' title='bbox 875 1177 1013 1265; x_wconf 83' lang='grc' dir='ltr'><em>ἀγῶνας,</em></span> <span class='ocrx_word' id='word_1_50' title='bbox 1034 1176 1200 1269; x_wconf 81' lang='grc' dir='ltr'><em>Σμύρναν</em></span> <span class='ocrx_word' id='word_1_51' title='bbox 1217 1174 1336 1265; x_wconf 81' lang='grc' dir='ltr'><em>Ὀλύμ-</em></span> 
     </span>
    </p>
   </div>
   <div class='ocr_carea' id='block_1_3' title="bbox 204 1294 1335 1399">
    <p class='ocr_par' dir='ltr' id='par_1_3' title="bbox 204 1294 1335 1399">
     <span class='ocr_line' id='line_1_8' title="bbox 204 1294 1335 1399; baseline -0.001 -25"><span class='ocrx_word' id='word_1_52' title='bbox 204 1371 206 1374; x_wconf 86' lang='grc'>.</span> <span class='ocrx_word' id='word_1_53' title='bbox 333 1329 393 1371; x_wconf 87' lang='grc' dir='ltr'><em>τιια</em></span> <span class='ocrx_word' id='word_1_54' title='bbox 415 1309 453 1397; x_wconf 79' lang='grc' dir='ltr'>τῇ</span> <span class='ocrx_word' id='word_1_55' title='bbox 476 1312 548 1399; x_wconf 73' lang='grc' dir='ltr'><em>ἕκτῃ</em></span> <span class='ocrx_word' id='word_1_56' title='bbox 570 1309 626 1372; x_wconf 83' lang='grc' dir='ltr'>καὶ</span> <span class='ocrx_word' id='word_1_57' title='bbox 648 1303 778 1397; x_wconf 77' lang='grc' dir='ltr'><em>δεκάτῃ,</em></span> <span class='ocrx_word' id='word_1_58' title='bbox 805 1300 977 1393; x_wconf 83' lang='grc' dir='ltr'><em>Ἀὃριύνια</em></span> <span class='ocrx_word' id='word_1_59' title='bbox 996 1304 1123 1394; x_wconf 81' lang='grc' dir='ltr'><em>Ῥώμην</em></span> <span class='ocrx_word' id='word_1_60' title='bbox 1143 1294 1182 1394; x_wconf 61' lang='grc' dir='ltr'>ᾖ,</span> <span class='ocrx_word' id='word_1_61' title='bbox 1207 1303 1335 1373; x_wconf 89' lang='grc' dir='ltr'><em>Ποτιό-</em></span> 
     </span>
    </p>
   </div>
   <div class='ocr_carea' id='block_1_4' title="bbox 331 1420 1336 4202">
    <p class='ocr_par' dir='ltr' id='par_1_4' title="bbox 332 1420 1336 2635">
     <span class='ocr_line' id='line_1_9' title="bbox 333 1420 1334 1522; baseline -0.001 -23"><span class='ocrx_word' id='word_1_62' title='bbox 333 1420 469 1519; x_wconf 61' lang='lat' dir='ltr'>tovcp&#39;]</span> <span class='ocrx_word' id='word_1_63' title='bbox 496 1437 590 1501; x_wconf 77' lang='grc' dir='ltr'><em>Νέαν</em></span> <span class='ocrx_word' id='word_1_64' title='bbox 610 1430 708 1501; x_wconf 85' lang='grc' dir='ltr'><em>πόλιν</em></span> <span class='ocrx_word' id='word_1_65' title='bbox 725 1420 830 1517; x_wconf 54' lang='lat' dir='ltr'>{ete</span> <span class='ocrx_word' id='word_1_66' title='bbox 875 1433 954 1498; x_wconf 83' lang='lat' dir='ltr'><strong>Item</strong></span> <span class='ocrx_word' id='word_1_67' title='bbox 976 1457 1113 1500; x_wconf 90' lang='lat' dir='ltr'>marmor</span> <span class='ocrx_word' id='word_1_68' title='bbox 1136 1434 1334 1522; x_wconf 85' lang='lat' dir='ltr'>Cyzicenum</span> 
     </span>
     <span class='ocr_line' id='line_1_10' title="bbox 333 1540 1334 1634; baseline 0 -24"><span class='ocrx_word' id='word_1_69' title='bbox 333 1545 408 1611; x_wconf 89' lang='lat' dir='ltr'>ibid.</span> <span class='ocrx_word' id='word_1_70' title='bbox 439 1571 470 1634; x_wconf 92' lang='lat' dir='ltr'>p.</span> <span class='ocrx_word' id='word_1_71' title='bbox 493 1548 557 1612; x_wconf 84' lang='lat'>937</span> <span class='ocrx_word' id='word_1_72' title='bbox 586 1569 617 1612; x_wconf 92' lang='lat' dir='ltr'>n.</span> <span class='ocrx_word' id='word_1_73' title='bbox 643 1548 739 1613; x_wconf 85' lang='lat'><strong>3676.</strong></span> <span class='ocrx_word' id='word_1_74' title='bbox 792 1540 1019 1634; x_wconf 79' lang='grc' dir='ltr'><em>Μητρόδωρος</em></span> <span class='ocrx_word' id='word_1_75' title='bbox 1048 1541 1229 1627; x_wconf 83' lang='grc' dir='ltr'><em>Κυζικηνὸς</em></span> <span class='ocrx_word' id='word_1_76' title='bbox 1256 1549 1334 1610; x_wconf 82' lang='grc' dir='ltr'><em>πέν-</em></span> 
     </span>
     <span class='ocr_line' id='line_1_11' title="bbox 332 1651 1335 1745; baseline -0.001 -23"><span class='ocrx_word' id='word_1_77' title='bbox 332 1659 463 1734; x_wconf 81' lang='grc' dir='ltr'><em>ταθλος</em></span> <span class='ocrx_word' id='word_1_78' title='bbox 490 1652 656 1737; x_wconf 75' lang='grc' dir='ltr'><em>νικήσας.</em></span> <span class='ocrx_word' id='word_1_79' title='bbox 680 1705 688 1722; x_wconf 95' lang='grc'><strong>.</strong></span> <span class='ocrx_word' id='word_1_80' title='bbox 712 1705 720 1721; x_wconf 93' lang='grc'><strong>.</strong></span> <span class='ocrx_word' id='word_1_81' title='bbox 744 1651 887 1735; x_wconf 85' lang='grc' dir='ltr'><em>Κύζικον</em></span> <span class='ocrx_word' id='word_1_82' title='bbox 912 1651 1074 1741; x_wconf 82' lang='grc' dir='ltr'><em>Ὀλύμπια</em></span> <span class='ocrx_word' id='word_1_83' title='bbox 1101 1657 1230 1745; x_wconf 78' lang='grc' dir='ltr'><em>ἀνδρῶν</em></span> <span class='ocrx_word' id='word_1_84' title='bbox 1257 1678 1335 1721; x_wconf 82' lang='grc' dir='ltr'><em>πεν-</em></span> 
     </span>
     <span class='ocr_line' id='line_1_12' title="bbox 332 1761 1335 1853; baseline 0 -21"><span class='ocrx_word' id='word_1_85' title='bbox 332 1761 480 1846; x_wconf 79' lang='grc' dir='ltr'><em>τάθλων,</em></span> <span class='ocrx_word' id='word_1_86' title='bbox 503 1771 687 1853; x_wconf 78' lang='grc' dir='ltr'><em>Πέργαμον</em></span> <span class='ocrx_word' id='word_1_87' title='bbox 704 1762 866 1852; x_wconf 72' lang='grc' dir='ltr'><em>Ὀλύμπια</em></span> <span class='ocrx_word' id='word_1_88' title='bbox 887 1769 1079 1833; x_wconf 78' lang='grc' dir='ltr'><em>πένταθλον</em></span> <span class='ocrx_word' id='word_1_89' title='bbox 1102 1815 1161 1834; x_wconf 88' lang='grc'>...</span> <span class='ocrx_word' id='word_1_90' title='bbox 1184 1763 1335 1852; x_wconf 79' lang='grc' dir='ltr'><em>Νικομή-</em></span> 
     </span>
     <span class='ocr_line' id='line_1_13' title="bbox 333 1874 1335 1966; baseline -0.002 -22"><span class='ocrx_word' id='word_1_91' title='bbox 333 1879 425 1944; x_wconf 82' lang='grc' dir='ltr'><em>δειαν</em></span> <span class='ocrx_word' id='word_1_92' title='bbox 453 1879 654 1955; x_wconf 81' lang='grc' dir='ltr'><em>πένταθλον,</em></span> <span class='ocrx_word' id='word_1_93' title='bbox 680 1881 855 1966; x_wconf 83' lang='grc' dir='ltr'><em>Πέρινθον</em></span> <span class='ocrx_word' id='word_1_94' title='bbox 877 1874 1001 1943; x_wconf 88' lang='grc' dir='ltr'><em>Πύθια</em></span> <span class='ocrx_word' id='word_1_95' title='bbox 1025 1888 1083 1944; x_wconf 92' lang='lat' dir='ltr'>etc.</span> <span class='ocrx_word' id='word_1_96' title='bbox 1116 1879 1153 1944; x_wconf 85' lang='lat' dir='ltr'>ln</span> <span class='ocrx_word' id='word_1_97' title='bbox 1175 1880 1335 1966; x_wconf 91' lang='lat' dir='ltr'>sequenti-</span> 
     </span>
     <span class='ocr_line' id='line_1_14' title="bbox 332 1983 1334 2078; baseline 0.001 -25"><span class='ocrx_word' id='word_1_98' title='bbox 332 1988 394 2055; x_wconf 92' lang='lat' dir='ltr'>bus</span> <span class='ocrx_word' id='word_1_99' title='bbox 415 1983 437 2070; x_wconf 75' lang='lat' dir='ltr'>ri</span> <span class='ocrx_word' id='word_1_100' title='bbox 458 1983 497 2055; x_wconf 84' lang='grc' dir='ltr'>τὸ</span> <span class='ocrx_word' id='word_1_101' title='bbox 520 1987 549 2054; x_wconf 79' lang='grc' dir='ltr'>θ’</span> <span class='ocrx_word' id='word_1_102' title='bbox 581 1989 673 2071; x_wconf 90' lang='lat' dir='ltr'>(eod.</span> <span class='ocrx_word' id='word_1_103' title='bbox 697 1985 791 2071; x_wconf 82' lang='grc' dir='ltr'><em>τόδ’)</em></span> <span class='ocrx_word' id='word_1_104' title='bbox 819 1991 922 2077; x_wconf 73' lang='grc' dir='ltr'><em>ἔμπης</em></span> <span class='ocrx_word' id='word_1_105' title='bbox 950 1990 1083 2055; x_wconf 84' lang='lat' dir='ltr'>mirifice</span> <span class='ocrx_word' id='word_1_106' title='bbox 1109 1990 1215 2056; x_wconf 88' lang='lat' dir='ltr'>turbat</span> <span class='ocrx_word' id='word_1_107' title='bbox 1235 1992 1334 2078; x_wconf 88' lang='lat' dir='ltr'>parti-</span> 
     </span>
     <span class='ocr_line' id='line_1_15' title="bbox 334 2090 1335 2190; baseline 0.001 -25"><span class='ocrx_word' id='word_1_108' title='bbox 334 2100 405 2165; x_wconf 90' lang='lat' dir='ltr'>cula</span> <span class='ocrx_word' id='word_1_109' title='bbox 426 2094 458 2181; x_wconf 78' lang='grc' dir='ltr'>ἥ,</span> <span class='ocrx_word' id='word_1_110' title='bbox 480 2122 499 2164; x_wconf 93' lang='lat' dir='ltr'>a</span> <span class='ocrx_word' id='word_1_111' title='bbox 519 2101 675 2168; x_wconf 85' lang='lat' dir='ltr'>Jacobsio</span> <span class='ocrx_word' id='word_1_112' title='bbox 697 2111 816 2166; x_wconf 87' lang='lat' dir='ltr'>mutata</span> <span class='ocrx_word' id='word_1_113' title='bbox 838 2103 871 2165; x_wconf 96' lang='lat' dir='ltr'>in</span> <span class='ocrx_word' id='word_1_114' title='bbox 892 2090 921 2190; x_wconf 77' lang='grc' dir='ltr'>ᾗ,</span> <span class='ocrx_word' id='word_1_115' title='bbox 944 2100 1032 2188; x_wconf 92' lang='lat' dir='ltr'>quod</span> <span class='ocrx_word' id='word_1_116' title='bbox 1053 2101 1133 2168; x_wconf 89' lang='lat' dir='ltr'>nihil</span> <span class='ocrx_word' id='word_1_117' title='bbox 1156 2113 1212 2168; x_wconf 89' lang='lat' dir='ltr'>est.</span> <span class='ocrx_word' id='word_1_118' title='bbox 1255 2103 1335 2166; x_wconf 89' lang='lat' dir='ltr'><strong>Post</strong></span> 
     </span>
     <span class='ocr_line' id='line_1_16' title="bbox 332 2212 1335 2300; baseline 0.001 -23"><span class='ocrx_word' id='word_1_119' title='bbox 332 2215 416 2277; x_wconf 86' lang='lat' dir='ltr'>vs6</span> <span class='ocrx_word' id='word_1_120' title='bbox 441 2213 594 2278; x_wconf 84' lang='lat' dir='ltr'>excidisse</span> <span class='ocrx_word' id='word_1_121' title='bbox 616 2212 780 2291; x_wconf 89' lang='lat' dir='ltr'>nonnulla,</span> <span class='ocrx_word' id='word_1_122' title='bbox 802 2216 835 2277; x_wconf 92' lang='lat' dir='ltr'>in</span> <span class='ocrx_word' id='word_1_123' title='bbox 858 2212 972 2300; x_wconf 93' lang='lat' dir='ltr'>quibus</span> <span class='ocrx_word' id='word_1_124' title='bbox 990 2223 1167 2279; x_wconf 88' lang='lat' dir='ltr'>ceterorum</span> <span class='ocrx_word' id='word_1_125' title='bbox 1181 2215 1335 2279; x_wconf 87' lang='lat' dir='ltr'>victoriae</span> 
     </span>
     <span class='ocr_line' id='line_1_17' title="bbox 332 2323 1336 2412; baseline 0.002 -24"><span class='ocrx_word' id='word_1_126' title='bbox 332 2323 489 2390; x_wconf 88' lang='lat' dir='ltr'>indicatae</span> <span class='ocrx_word' id='word_1_127' title='bbox 512 2335 610 2404; x_wconf 92' lang='lat' dir='ltr'>erant,</span> <span class='ocrx_word' id='word_1_128' title='bbox 632 2327 756 2390; x_wconf 90' lang='lat' dir='ltr'>monuit</span> <span class='ocrx_word' id='word_1_129' title='bbox 777 2345 828 2389; x_wconf 89' lang='lat' dir='ltr'>me</span> <span class='ocrx_word' id='word_1_130' title='bbox 841 2325 1052 2388; x_wconf 87' lang='lat' dir='ltr'>Hermannus.</span> <span class='ocrx_word' id='word_1_131' title='bbox 1088 2324 1245 2390; x_wconf 85' lang='lat' dir='ltr'>Jacohsio</span> <span class='ocrx_word' id='word_1_132' title='bbox 1261 2333 1336 2412; x_wconf 90' lang='lat' dir='ltr'>post</span> 
     </span>
     <span class='ocr_line' id='line_1_18' title="bbox 332 2431 1333 2524; baseline -0.001 -23"><span class='ocrx_word' id='word_1_133' title='bbox 332 2459 378 2501; x_wconf 84' lang='lat' dir='ltr'>vs.</span> <span class='ocrx_word' id='word_1_134' title='bbox 396 2439 415 2502; x_wconf 83' lang='lat'>7</span> <span class='ocrx_word' id='word_1_135' title='bbox 438 2436 558 2524; x_wconf 88' lang='lat' dir='ltr'>aliquid</span> <span class='ocrx_word' id='word_1_136' title='bbox 581 2436 693 2502; x_wconf 85' lang='lat' dir='ltr'>deesse</span> <span class='ocrx_word' id='word_1_137' title='bbox 708 2434 886 2508; x_wconf 82' lang='lat' dir='ltr'>videbatur.</span> <span class='ocrx_word' id='word_1_138' title='bbox 922 2437 981 2500; x_wconf 84' lang='lat' dir='ltr'>Vs.</span> <span class='ocrx_word' id='word_1_139' title='bbox 999 2439 1018 2502; x_wconf 84' lang='lat'><strong>7</strong></span> <span class='ocrx_word' id='word_1_140' title='bbox 1036 2431 1129 2523; x_wconf 78' lang='grc' dir='ltr'>Ἥρα</span> <span class='ocrx_word' id='word_1_141' title='bbox 1143 2436 1333 2503; x_wconf 85' lang='lat' dir='ltr'>Bnmchius.</span> 
     </span>
     <span class='ocr_line' id='line_1_19' title="bbox 332 2545 542 2635; baseline 0 -22"><span class='ocrx_word' id='word_1_142' title='bbox 332 2548 399 2613; x_wconf 86' lang='lat' dir='ltr'>Pul.</span> <span class='ocrx_word' id='word_1_143' title='bbox 415 2545 542 2635; x_wconf 88' lang='grc' dir='ltr'><em>Ἤραν.’</em></span> 
     </span>
    </p>

    <p class='ocr_par' dir='ltr' id='par_1_5' title="bbox 331 2643 1334 4202">
     <span class='ocr_line' id='line_1_20' title="bbox 344 2643 1334 2746; baseline 0 -22"><span class='ocrx_word' id='word_1_144' title='bbox 344 2643 346 2650; x_wconf 51' lang='grc'><strong>’</strong></span> <span class='ocrx_word' id='word_1_145' title='bbox 420 2661 460 2725; x_wconf 87' lang='lat' dir='ltr'>IL</span> <span class='ocrx_word' id='word_1_146' title='bbox 503 2661 556 2724; x_wconf 89' lang='lat' dir='ltr'>De</span> <span class='ocrx_word' id='word_1_147' title='bbox 577 2659 727 2746; x_wconf 79' lang='lat' dir='ltr'>Lycone,</span> <span class='ocrx_word' id='word_1_148' title='bbox 756 2658 912 2723; x_wconf 87' lang='lat' dir='ltr'>histrione</span> <span class='ocrx_word' id='word_1_149' title='bbox 935 2661 1074 2739; x_wconf 90' lang='lat' dir='ltr'>comico,</span> <span class='ocrx_word' id='word_1_150' title='bbox 1101 2661 1135 2724; x_wconf 93' lang='lat' dir='ltr'>in</span> <span class='ocrx_word' id='word_1_151' title='bbox 1159 2661 1249 2725; x_wconf 89' lang='lat' dir='ltr'>cuius</span> <span class='ocrx_word' id='word_1_152' title='bbox 1269 2681 1334 2724; x_wconf 92' lang='lat' dir='ltr'>me-</span> 
     </span>
     <span class='ocr_line' id='line_1_21' title="bbox 332 2769 1333 2860; baseline 0 -24"><span class='ocrx_word' id='word_1_153' title='bbox 332 2773 465 2837; x_wconf 82' lang='lat' dir='ltr'>moriam</span> <span class='ocrx_word' id='word_1_154' title='bbox 486 2772 550 2836; x_wconf 89' lang='lat' dir='ltr'>hoe</span> <span class='ocrx_word' id='word_1_155' title='bbox 564 2793 691 2836; x_wconf 86' lang='lat' dir='ltr'>carmen</span> <span class='ocrx_word' id='word_1_156' title='bbox 705 2773 857 2857; x_wconf 89' lang='lat' dir='ltr'>scriptum</span> <span class='ocrx_word' id='word_1_157' title='bbox 875 2779 930 2850; x_wconf 82' lang='lat' dir='ltr'>est,</span> <span class='ocrx_word' id='word_1_158' title='bbox 954 2769 1019 2835; x_wconf 88' lang='lat' dir='ltr'>dixi</span> <span class='ocrx_word' id='word_1_159' title='bbox 1033 2772 1113 2836; x_wconf 84' lang='lat' dir='ltr'>ffist.</span> <span class='ocrx_word' id='word_1_160' title='bbox 1132 2792 1212 2836; x_wconf 91' lang='lat' dir='ltr'>oum.</span> <span class='ocrx_word' id='word_1_161' title='bbox 1228 2793 1333 2860; x_wconf 83' lang='lat' dir='ltr'>graec.</span> 
     </span>
     <span class='ocr_line' id='line_1_22' title="bbox 333 2881 1333 2972; baseline -0.001 -23"><span class='ocrx_word' id='word_1_162' title='bbox 333 2909 364 2972; x_wconf 89' lang='lat' dir='ltr'>p.</span> <span class='ocrx_word' id='word_1_163' title='bbox 386 2885 461 2950; x_wconf 80' lang='lat'><strong>327.</strong></span> <span class='ocrx_word' id='word_1_164' title='bbox 506 2885 600 2948; x_wconf 79' lang='lat' dir='ltr'>Vsh</span> <span class='ocrx_word' id='word_1_165' title='bbox 630 2881 700 2948; x_wconf 84' lang='lat' dir='ltr'>cod.</span> <span class='ocrx_word' id='word_1_166' title='bbox 724 2883 858 2948; x_wconf 70' lang='grc' dir='ltr'><em>ἕστασα.</em></span> <span class='ocrx_word' id='word_1_167' title='bbox 903 2881 986 2948; x_wconf 92' lang='lat' dir='ltr'>Cum</span> <span class='ocrx_word' id='word_1_168' title='bbox 1015 2904 1083 2948; x_wconf 94' lang='lat' dir='ltr'>non</span> <span class='ocrx_word' id='word_1_169' title='bbox 1105 2893 1257 2970; x_wconf 80' lang='lat' dir='ltr'>appareat</span> <span class='ocrx_word' id='word_1_170' title='bbox 1279 2885 1333 2969; x_wconf 91' lang='lat' dir='ltr'>qui</span> 
     </span>
     <span class='ocr_line' id='line_1_23' title="bbox 333 2992 1333 3083; baseline 0 -23"><span class='ocrx_word' id='word_1_171' title='bbox 333 2999 375 3062; x_wconf 90' lang='lat' dir='ltr'>sit</span> <span class='ocrx_word' id='word_1_172' title='bbox 395 2995 450 3061; x_wconf 91' lang='lat' dir='ltr'>ille</span> <span class='ocrx_word' id='word_1_173' title='bbox 472 2997 526 3082; x_wconf 89' lang='lat' dir='ltr'>qui</span> <span class='ocrx_word' id='word_1_174' title='bbox 548 3016 583 3060; x_wconf 91' lang='lat' dir='ltr'>se</span> <span class='ocrx_word' id='word_1_175' title='bbox 602 3004 734 3059; x_wconf 90' lang='lat' dir='ltr'>statuam</span> <span class='ocrx_word' id='word_1_176' title='bbox 749 2994 877 3080; x_wconf 86' lang='lat' dir='ltr'>Lyconi</span> <span class='ocrx_word' id='word_1_177' title='bbox 891 2997 1039 3080; x_wconf 88' lang='lat' dir='ltr'>posuisse</span> <span class='ocrx_word' id='word_1_178' title='bbox 1057 2992 1140 3075; x_wconf 80' lang='lat' dir='ltr'>dicit,</span> <span class='ocrx_word' id='word_1_179' title='bbox 1162 2993 1333 3083; x_wconf 84' lang='lat' dir='ltr'>legendum</span> 
     </span>
     <span class='ocr_line' id='line_1_24' title="bbox 333 3103 1334 3195; baseline -0.003 -23"><span class='ocrx_word' id='word_1_180' title='bbox 333 3110 481 3195; x_wconf 87' lang='lat' dir='ltr'>suspicor</span> <span class='ocrx_word' id='word_1_181' title='bbox 508 3103 630 3186; x_wconf 72' lang='grc' dir='ltr'><em>ἕστακ’,</em></span> <span class='ocrx_word' id='word_1_182' title='bbox 659 3107 725 3192; x_wconf 91' lang='lat' dir='ltr'>ipsa</span> <span class='ocrx_word' id='word_1_183' title='bbox 755 3115 790 3170; x_wconf 91' lang='lat' dir='ltr'>ut</span> <span class='ocrx_word' id='word_1_184' title='bbox 817 3103 968 3192; x_wconf 88' lang='lat' dir='ltr'>loquatur</span> <span class='ocrx_word' id='word_1_185' title='bbox 995 3116 1107 3171; x_wconf 86' lang='lat' dir='ltr'>statua.</span> <span class='ocrx_word' id='word_1_186' title='bbox 1153 3107 1334 3195; x_wconf 79' lang='lat' dir='ltr'>Sequentia,</span> 
     </span>
     <span class='ocr_line' id='line_1_25' title="bbox 334 3219 1333 3308; baseline -0.002 -24"><span class='ocrx_word' id='word_1_187' title='bbox 334 3241 415 3308; x_wconf 91' lang='lat' dir='ltr'>quae</span> <span class='ocrx_word' id='word_1_188' title='bbox 444 3221 647 3307; x_wconf 86' lang='lat' dir='ltr'>ineptissimis</span> <span class='ocrx_word' id='word_1_189' title='bbox 676 3219 855 3283; x_wconf 85' lang='lat' dir='ltr'>criticorum</span> <span class='ocrx_word' id='word_1_190' title='bbox 890 3219 1081 3283; x_wconf 88' lang='lat' dir='ltr'>coniecturis</span> <span class='ocrx_word' id='word_1_191' title='bbox 1110 3228 1223 3284; x_wconf 87' lang='lat' dir='ltr'>vexata</span> <span class='ocrx_word' id='word_1_192' title='bbox 1250 3227 1333 3298; x_wconf 90' lang='lat' dir='ltr'>sunt,</span> 
     </span>
     <span class='ocr_line' id='line_1_26' title="bbox 335 3328 1333 3417; baseline -0.004 -19"><span class='ocrx_word' id='word_1_193' title='bbox 335 3332 460 3398; x_wconf 82' lang='lat' dir='ltr'>exhibui</span> <span class='ocrx_word' id='word_1_194' title='bbox 481 3340 517 3396; x_wconf 92' lang='lat' dir='ltr'>ut</span> <span class='ocrx_word' id='word_1_195' title='bbox 538 3332 573 3394; x_wconf 92' lang='lat' dir='ltr'>in</span> <span class='ocrx_word' id='word_1_196' title='bbox 596 3328 667 3396; x_wconf 87' lang='lat' dir='ltr'>eod.</span> <span class='ocrx_word' id='word_1_197' title='bbox 682 3328 750 3394; x_wconf 87' lang='lat' dir='ltr'>Pal.</span> <span class='ocrx_word' id='word_1_198' title='bbox 772 3332 890 3417; x_wconf 88' lang='lat' dir='ltr'>scripta</span> <span class='ocrx_word' id='word_1_199' title='bbox 905 3340 988 3395; x_wconf 88' lang='lat' dir='ltr'>sunt.</span> <span class='ocrx_word' id='word_1_200' title='bbox 1025 3331 1217 3410; x_wconf 84' lang='lat' dir='ltr'>Hermanno,</span> <span class='ocrx_word' id='word_1_201' title='bbox 1239 3351 1333 3416; x_wconf 87' lang='lat' dir='ltr'>quern</span> 
     </span>
     <span class='ocr_line' id='line_1_27' title="bbox 334 3439 1333 3522; baseline -0.004 -12"><span class='ocrx_word' id='word_1_202' title='bbox 334 3443 374 3510; x_wconf 91' lang='lat' dir='ltr'>de</span> <span class='ocrx_word' id='word_1_203' title='bbox 403 3442 480 3508; x_wconf 92' lang='lat' dir='ltr'>loco</span> <span class='ocrx_word' id='word_1_204' title='bbox 502 3440 690 3506; x_wconf 82' lang='lat' dir='ltr'>difficillimo</span> <span class='ocrx_word' id='word_1_205' title='bbox 714 3442 874 3522; x_wconf 90' lang='lat' dir='ltr'>consului,</span> <span class='ocrx_word' id='word_1_206' title='bbox 901 3443 946 3506; x_wconf 89' lang='lat' dir='ltr'>ita</span> <span class='ocrx_word' id='word_1_207' title='bbox 972 3442 1173 3507; x_wconf 86' lang='lat' dir='ltr'>scribendum</span> <span class='ocrx_word' id='word_1_208' title='bbox 1194 3439 1333 3506; x_wconf 86' lang='lat' dir='ltr'>videtur:</span> 
     </span>
     <span class='ocr_line' id='line_1_28' title="bbox 333 3545 1333 3641; baseline -0.004 -19"><span class='ocrx_word' id='word_1_209' title='bbox 333 3552 436 3622; x_wconf 84' lang='grc' dir='ltr'><em>ὅσσον</em></span> <span class='ocrx_word' id='word_1_210' title='bbox 457 3547 521 3639; x_wconf 79' lang='grc' dir='ltr'>γὰρ</span> <span class='ocrx_word' id='word_1_211' title='bbox 543 3549 741 3640; x_wconf 76' lang='grc' dir='ltr'><em>καθύπερθε</em></span> <span class='ocrx_word' id='word_1_212' title='bbox 762 3545 912 3641; x_wconf 78' lang='grc' dir='ltr'><em>λαμπρὸς</em></span> <span class='ocrx_word' id='word_1_213' title='bbox 925 3549 1010 3641; x_wconf 83' lang='grc' dir='ltr'><em>ἁνήρ</em></span> <span class='ocrx_word' id='word_1_214' title='bbox 1029 3553 1034 3641; x_wconf 87' lang='grc' dir='ltr'>Ι</span> <span class='ocrx_word' id='word_1_215' title='bbox 1053 3555 1180 3641; x_wconf 81' lang='grc' dir='ltr'><em>μνᾶμα,</em></span> <span class='ocrx_word' id='word_1_216' title='bbox 1199 3556 1260 3618; x_wconf 84' lang='grc' dir='ltr'>τοῦ</span> <span class='ocrx_word' id='word_1_217' title='bbox 1269 3577 1333 3639; x_wconf 83' lang='grc' dir='ltr'>χα-</span> 
     </span>
     <span class='ocr_line' id='line_1_29' title="bbox 333 3661 1334 3756; baseline -0.001 -25"><span class='ocrx_word' id='word_1_218' title='bbox 333 3669 459 3756; x_wconf 83' lang='grc' dir='ltr'><em>ρίεντος</em></span> <span class='ocrx_word' id='word_1_219' title='bbox 480 3665 515 3729; x_wconf 74' lang='grc' dir='ltr'>ἕν</span> <span class='ocrx_word' id='word_1_220' title='bbox 536 3687 570 3728; x_wconf 78' lang='grc' dir='ltr'>τε</span> <span class='ocrx_word' id='word_1_221' title='bbox 592 3665 693 3749; x_wconf 76' lang='grc' dir='ltr'><em>λέσχιρ</em></span> <span class='ocrx_word' id='word_1_222' title='bbox 711 3665 717 3746; x_wconf 91' lang='grc' dir='ltr'>Ι</span> <span class='ocrx_word' id='word_1_223' title='bbox 738 3665 772 3729; x_wconf 72' lang='grc' dir='ltr'>ἕν</span> <span class='ocrx_word' id='word_1_224' title='bbox 793 3661 823 3729; x_wconf 85' lang='grc' dir='ltr'>τ’</span> <span class='ocrx_word' id='word_1_225' title='bbox 843 3662 921 3750; x_wconf 75' lang='grc' dir='ltr'><em>οἴνῳ</em></span> <span class='ocrx_word' id='word_1_226' title='bbox 941 3662 1012 3732; x_wconf 81' lang='grc' dir='ltr'><em>τόδ’</em></span> <span class='ocrx_word' id='word_1_227' title='bbox 1032 3672 1120 3732; x_wconf 75' lang='grc' dir='ltr'><em>ἕκατι</em></span> <span class='ocrx_word' id='word_1_228' title='bbox 1138 3673 1209 3744; x_wconf 77' lang='grc' dir='ltr'><em>τοῖς</em></span> <span class='ocrx_word' id='word_1_229' title='bbox 1223 3667 1334 3731; x_wconf 73' lang='grc' dir='ltr'><em>ἔπειτα</em></span> 
     </span>
     <span class='ocr_line' id='line_1_30' title="bbox 331 3775 1334 3864; baseline -0.002 -20"><span class='ocrx_word' id='word_1_230' title='bbox 331 3780 399 3844; x_wconf 82' lang='grc' dir='ltr'><em>κτλ.</em></span> <span class='ocrx_word' id='word_1_231' title='bbox 444 3776 596 3844; x_wconf 89' lang='lat' dir='ltr'>Ceterum</span> <span class='ocrx_word' id='word_1_232' title='bbox 619 3775 756 3841; x_wconf 89' lang='lat' dir='ltr'>dubitari</span> <span class='ocrx_word' id='word_1_233' title='bbox 778 3787 895 3864; x_wconf 90' lang='lat' dir='ltr'>potest,</span> <span class='ocrx_word' id='word_1_234' title='bbox 916 3799 991 3844; x_wconf 92' lang='lat' dir='ltr'>num</span> <span class='ocrx_word' id='word_1_235' title='bbox 1014 3799 1140 3843; x_wconf 90' lang='lat' dir='ltr'>carmen</span> <span class='ocrx_word' id='word_1_236' title='bbox 1161 3777 1226 3843; x_wconf 90' lang='lat' dir='ltr'>hoc</span> <span class='ocrx_word' id='word_1_237' title='bbox 1246 3787 1334 3843; x_wconf 88' lang='lat' dir='ltr'>recte</span> 
     </span>
     <span class='ocr_line' id='line_1_31' title="bbox 333 3887 1334 3976; baseline -0.002 -20"><span class='ocrx_word' id='word_1_238' title='bbox 333 3889 489 3956; x_wconf 84' lang='lat' dir='ltr'>Phalaeco</span> <span class='ocrx_word' id='word_1_239' title='bbox 519 3887 684 3953; x_wconf 90' lang='lat' dir='ltr'>tribuerim</span> <span class='ocrx_word' id='word_1_240' title='bbox 706 3911 776 3954; x_wconf 91' lang='lat' dir='ltr'>cum</span> <span class='ocrx_word' id='word_1_241' title='bbox 798 3889 972 3955; x_wconf 86' lang='lat' dir='ltr'>Brunckio.</span> <span class='ocrx_word' id='word_1_242' title='bbox 1024 3889 1153 3969; x_wconf 88' lang='lat' dir='ltr'>Codex,</span> <span class='ocrx_word' id='word_1_243' title='bbox 1182 3893 1236 3976; x_wconf 94' lang='lat' dir='ltr'>qui</span> <span class='ocrx_word' id='word_1_244' title='bbox 1258 3911 1334 3976; x_wconf 93' lang='lat' dir='ltr'>pro-</span> 
     </span>
     <span class='ocr_line' id='line_1_32' title="bbox 332 3999 1334 4092; baseline -0.003 -24"><span class='ocrx_word' id='word_1_245' title='bbox 332 4006 414 4068; x_wconf 87' lang='lat' dir='ltr'>xime</span> <span class='ocrx_word' id='word_1_246' title='bbox 431 4011 512 4092; x_wconf 91' lang='lat' dir='ltr'>post</span> <span class='ocrx_word' id='word_1_247' title='bbox 532 4003 667 4087; x_wconf 92' lang='lat' dir='ltr'>primum</span> <span class='ocrx_word' id='word_1_248' title='bbox 687 4002 835 4068; x_wconf 87' lang='lat' dir='ltr'>Phalaeci</span> <span class='ocrx_word' id='word_1_249' title='bbox 852 4024 977 4068; x_wconf 90' lang='lat' dir='ltr'>carmen</span> <span class='ocrx_word' id='word_1_250' title='bbox 993 4001 1127 4081; x_wconf 89' lang='lat' dir='ltr'>exhibet,</span> <span class='ocrx_word' id='word_1_251' title='bbox 1149 4000 1196 4067; x_wconf 91' lang='lat' dir='ltr'>nil</span> <span class='ocrx_word' id='word_1_252' title='bbox 1217 3999 1334 4066; x_wconf 91' lang='lat' dir='ltr'>adscri-</span> 
     </span>
     <span class='ocr_line' id='line_1_33' title="bbox 332 4109 735 4202; baseline 0 -24"><span class='ocrx_word' id='word_1_253' title='bbox 332 4124 422 4202; x_wconf 89' lang='lat' dir='ltr'>ptum</span> <span class='ocrx_word' id='word_1_254' title='bbox 443 4113 540 4180; x_wconf 89' lang='lat' dir='ltr'>habet</span> <span class='ocrx_word' id='word_1_255' title='bbox 561 4117 622 4180; x_wconf 91' lang='lat' dir='ltr'>uisi</span> <span class='ocrx_word' id='word_1_256' title='bbox 643 4109 735 4179; x_wconf 77' lang='grc' dir='ltr'><em>ἄλλο.</em></span> 
     </span>
    </p>
   </div>
   <div class='ocr_carea' id='block_1_5' title="bbox 0 0 1518 4816">
    <p class='ocr_par' dir='ltr' id='par_1_6' title="bbox 0 0 1518 4816">
     <span class='ocr_line' id='line_1_34' title="bbox 0 0 1518 4816; baseline 0 0"><span class='ocrx_word' id='word_1_257' title='bbox 0 0 1518 4816; x_wconf 95' lang='lat' dir='ltr'> </span> 
     </span>
    </p>
   </div>
  </div>
 </body>
</html>
