3028 4826
435 482 697 543 ADNOTATIO
721 481 908 544 CRITICA.
1126 489 1178 542 165

170 645 206 701 tv
230 637 304 721 χερί
331 638 467 722 scripsit.
520 634 619 702 Certe
648 634 737 722 quod
771 634 875 702 editur
904 647 1089 724 corruptum
1119 647 1176 702 est.

169 746 332 812 Naeckius
361 740 476 813 εὔαδεν
503 742 620 834 ἡρώων
651 740 752 823 τύπος
787 743 847 833 οὐχ
874 749 933 813 ἑνί.
983 749 1047 814 Pro
1075 743 1177 826 τύπος

171 857 342 923 Jacobsius
363 853 493 935 κτύπος.
552 931 554 936 ,
1260 837 1263 844 .

257 970 355 1032 XXX.
400 966 485 1036 Cod.
509 967 739 1056 Διοσκορίὸον,
761 971 794 1034 οἱ
816 968 850 1033 δὲ
873 963 1052 1056 Νικάρχου.
1088 968 1175 1035 Idem

30 1102 32 1108 ·
110 1099 113 1106 ’
170 1080 211 1146 ad
232 1081 336 1145 XXXI
363 1081 424 1146 τοῦ
445 1076 556 1146 αὐτοῦ.
586 1081 618 1143 oi
642 1078 676 1144 dd
694 1074 870 1144 Ἑκαταίου
895 1079 1030 1145 Θασίου.
1074 1081 1176 1146 Vsu

170 1185 482 1277 παντολιγοχρόνιος
503 1197 586 1294 teste
606 1187 785 1256 Paulsseno
809 1188 918 1256 codex.
961 1189 1051 1256 Plan.
1074 1186 1172 1258 πάντ’

170 1298 403 1388 ὀλιγοχρόνιος.
474 1390 475 1396 ¹

258 1414 388 1478 XXXV.
431 1411 602 1477 Jacobsius
629 1413 663 1477 in
685 1414 771 1477 notis
795 1434 832 1478 ex
859 1411 930 1477 cod.
954 1411 1021 1477 Pel.
1044 1414 1176 1479 Λεωνί-

169 1525 231 1591 δου
252 1528 298 1601 ug
317 1521 486 1603 Σιληνίδα
508 1517 570 1603 τὴν
590 1517 728 1615 τρόφον.
768 1523 835 1610 Qui
857 1522 968 1588 calami
992 1543 1083 1588 error
1105 1544 1175 1589 esse

169 1635 305 1700 videtur.
338 1636 376 1699 Iu
399 1643 486 1699 textu
507 1632 591 1698 idem
609 1634 813 1700 Dioscuridis
834 1656 952 1700 nomen
975 1634 1081 1700 habet.
1116 1636 1174 1700 Vs.

170 1751 192 1812 4
222 1745 293 1811 cod.
322 1740 432 1826 ληνόν.
482 1744 663 1812 Brrurckius
695 1746 805 1825 ληνοῦ.
855 1745 1028 1812 Jeeubsius
1059 1747 1175 1826 ληνῶν.

169 1857 252 1924 lbid.
276 1856 348 1922 cod.
370 1858 442 1942 ἔχει.
487 1854 638 1924 Correxit
657 1856 840 1922 Jacobsius.

259 1969 404 2034 XXXVI.
450 1970 507 2033 Vs.
528 1971 549 2033 2
576 1966 647 2032 cod.
666 1965 911 2055 Ἀλεξοιμένονς
956 1969 1023 2036 Sed
1044 1972 1079 2034 in
1100 1968 1177 2034 lem-

169 2084 320 2158 mateetc
337 2076 556 2164 Ἀλεξιμένην.
594 2079 745 2166 Optimus
760 2079 850 2144 Plan.
874 2077 945 2145 cod.
969 2079 1055 2168 apud
1074 2082 1177 2145 Brun-

171 2191 275 2256 ckium
294 2187 525 2275 Ἀλοξιμένιυς
559 2191 837 2257 HincBruuckius
850 2187 1083 2277 Ἀλεξιμένοος.
1117 2193 1174 2256 Vs.

172 2305 192 2368 d
215 2310 301 2366 recte
323 2299 413 2364 Plau.
436 2297 526 2392 ἀμφὶ
547 2298 653 2368 πόλιν.
690 2302 780 2368 Idem
802 2302 876 2368 fort.
892 2300 959 2367 Pal.
996 2301 1176 2368 Brunckius

172 2422 205 2478 et
226 2411 397 2477 Jacobsius
416 2409 629 2502 Ἀμφίπολιν.
674 2415 732 2479 Vs.
753 2417 774 2480 5
804 2412 877 2479 cod.
899 2407 1096 2490 πνεύσαντος
1117 2410 1171 2503 ἐφ’

170 2521 376 2610 ἡμετέροισιν
397 2517 571 2600 ιἰὃάπταις.
607 2524 645 2588 In
666 2546 765 2612 marg.
787 2547 842 2612 γρ.
862 2520 989 2605 ἀήταις.
1033 2523 1174 2588 Lobeck.

171 2633 273 2700 Paral.
296 2657 328 2720 p.
352 2634 417 2700 549
439 2643 527 2699 recte
549 2631 715 2722 ὑμετέροις
737 2632 925 2715 ἀλαλητοῖς.
963 2637 1057 2699 Vsu
1082 2632 1171 2700 τοῦδ’

170 2744 260 2811 Plan.
306 2738 416 2810 τούσδ’
442 2744 543 2810 Pelet.

258 2856 417 2922 XXXVII.
455 2857 513 2921 Vs.
529 2859 549 2922 l
571 2856 744 2923 Jacobsius
762 2856 988 2945 γαστροβαρὲς
1001 2857 1175 2944 προσορῶν
1257 2908 1261 2913 .

169 2971 271 3055 λέχος.
317 2966 417 3053 Quod
437 2989 555 3033 vereor
582 2980 618 3034 ut
640 2968 786 3034 sufficiat
830 2970 933 3034 vso
960 2963 1060 3033 πάλιν
1082 2970 1174 3052 στρέ-

170 3095 242 3169 ψας
262 3078 453 3145 Brrmckius.
499 3081 646 3165 Toupius
666 3084 896 3169 περιστρέψας.
918 3080 1020 3144 Recte
1056 3077 1175 3143 Jacob·

170 3194 238 3257 sius
262 3214 333 3257 cum
354 3190 427 3256 cod.
449 3193 528 3281 πρὶν
550 3194 705 3280 στρέψας.

258 3303 399 3367 XXXIX.
442 3303 540 3368 vsu
562 3322 630 3367 non
651 3305 767 3368 iniuria
787 3302 959 3368 Jacobsius
982 3300 1120 3367 offendit
1141 3303 1174 3365 iu

170 3415 340 3479 hirsutis
363 3413 514 3501 pulchrae
536 3412 663 3502 puellae
685 3414 871 3502 superciliis.
904 3415 978 3479 Nec
999 3423 1105 3478 tamen
1120 3433 1175 3476 ve-

171 3547 242 3590 rum
263 3523 391 3590 videm·
412 3526 500 3613 quod
522 3528 662 3590 coniecit
678 3526 877 3612 μαλοραῖσιν,
899 3525 987 3612 quod
1009 3522 1174 3590 oculorum

172 3640 282 3725 potius
311 3658 403 3724 quam
432 3637 674 3725 superciliorum
697 3639 861 3725 epitheton
884 3659 954 3703 esse
977 3636 1174 3702 crediderim.

172 3750 269 3814 Vsu
290 3748 469 3816 Brunckius
494 3749 617 3813 Μίδεω.
662 3751 764 3815 Recte
786 3749 858 3815 cod.
883 3749 1012 3826 Μίὸεοι,
1039 3768 1173 3833 quocum

173 3880 338 3948 compares
362 3861 495 3936 Νικίεος
516 3881 535 3924 e
558 3863 678 3937 Νικίας
700 3860 785 3947 apud
809 3858 1130 3936 Theocrit.xxvl11‚
1152 3861 1174 3922 9

173 3976 309 4049 Νικιέας
330 3977 375 4049 εὶς
397 3965 519 4056 dirigor.
570 3971 672 4058 Quod
695 3992 762 4036 non
785 3981 871 4041 reste
894 3971 1066 4035 Ahrensius
1089 3969 1173 4034 Dial.

173 4082 267 4150 Aeol.
290 4108 322 4171 p.
345 4085 411 4150 275
435 4078 577 4161 Νικιάας
598 4085 732 4169 scripsit.
777 4084 824 4147 Ita
846 4076 1080 4169 Πνθομόρειος
1102 4083 1175 4143 scri·
1202 4153 1206 4160 .
