3028 4826
324 458 378 513 mo
474 545 476 548 Ι
665 452 987 516 oomnomnm.

324 605 412 694 quod
440 606 571 694 primam
600 608 745 694 corripit,
773 605 977 673 scribendum
1007 616 1056 672 ost
1077 607 1266 695 Κρησίλας,
1296 621 1330 676 et

324 710 497 804 εὶργάξατο
519 738 581 804 pro
603 712 790 806 είργάσατο.
829 716 971 785 Cresilas
993 721 1164 786 statuarius
1186 720 1328 801 Phidiae,

324 838 360 894 ut
381 828 516 908 videtur,
538 828 679 916 aequalis
695 838 888 894 memoratur
909 827 1050 894 aPlinio
1072 831 1112 894 H.
1127 832 1170 896 N.
1185 832 1327 911 XXXIV,

325 941 376 1018 19,
397 939 455 1006 ubi
476 962 546 1005 cum
568 937 668 1029 vulgo
684 937 823 1006 Ctesilas
844 941 995 1027 scriptum
1010 943 1059 1020 sit,
1080 944 1252 1029 genuinam
1269 962 1328 1007 no-

323 1053 416 1116 minis
444 1049 578 1116 formnm
592 1051 633 1132 *)
662 1071 701 1115 ex
728 1050 823 1117 codd.
851 1054 990 1117 restitnit
1010 1053 1047 1116 L.
1070 1053 1223 1132 Rossius,
1250 1074 1327 1118 usus

324 1183 392 1226 eom
420 1165 455 1228 in
482 1184 550 1227 rem
578 1160 672 1228 titulo
702 1160 811 1228 Attico
843 1159 1186 1229 ΗΕῬΜΟΛΥΚΘΣ
1209 1163 1327 1230 ΔΙΕΙ-

328 1269 525 1340 ΤΡΕΦΟΣ
541 1272 790 1340 ΑΠΑΡΧΕΝ
802 1272 1070 1340 ΚΡΕΣΙΛΑΣ
1086 1271 1325 1340 ΕΠΟΕΣΕΝ.

323 1382 468 1449 Eundem
497 1382 652 1451 Cresilam
681 1382 898 1470 Cydoniatam
929 1395 1017 1450 recte
1052 1388 1222 1473 agnovisse
1249 1384 1326 1449 mihi

322 1493 437 1561 videor
450 1497 485 1560 in
499 1495 594 1562 titulo
609 1497 833 1578 Heimionensi
850 1495 936 1582 apud
949 1494 1093 1560 Boeckh.
1109 1492 1213 1582 Corp.
1227 1495 1325 1560 Insor.

321 1605 387 1670 vol.
410 1605 440 1685 l,
461 1628 535 1695 pag.
557 1609 636 1686 595,
664 1629 696 1671 n.
720 1608 806 1672 1195
828 1604 1087 1672 ΚΡΕΣΙΔΑΣ
1105 1602 1330 1672 ΕΠΟΙΕΣΕ

322 1713 655 1783 ΚΥΔΟΝΙΑΤΑΣ.
700 1716 802 1804 Quod
828 1739 947 1783 nomon
970 1716 1153 1782 Boeokhius
1181 1717 1326 1805 Κρεσσί-

323 1828 384 1904 δας
405 1826 487 1917 legit
508 1849 527 1892 a
548 1833 701 1917 κρέσσων,
723 1826 812 1916 quod
833 1831 886 1892 vix
906 1839 994 1892 recte
1016 1827 1185 1892 formatum
1207 1848 1325 1892 nomen

323 1949 381 2004 est.
415 1938 625 2005 scribendum
646 1938 731 2004 haud
753 1938 851 2005 dubie
864 1937 1133 2005 ΚΡΕΣΙΛΑΣ
1151 1941 1172 2004 i.
1188 1959 1216 2004 o.
1231 1938 1326 2026 Κρη-

322 2051 426 2128 σίλας.
460 2050 570 2138 ltaque
592 2053 626 2116 in
647 2050 734 2116 hono
754 2050 883 2117 modum
907 2052 1100 2138 epigramma
1115 2058 1259 2115 nostrum
1276 2071 1327 2114 ro

322 2153 518 2227 stitdendum
540 2182 671 2228 conseo:

373 2267 475 2340 Τόυδε
497 2274 616 2361 Πυρῆς
637 2270 784 2352 ἀνέθηκε
805 2265 1053 2358 Πολυμνήστου
1074 2271 1173 2362 φίλος
1193 2269 1272 2352 υἱός,

410 2378 586 2470 εὐξάμενος
607 2379 747 2464 δεκάτην
769 2377 927 2449 Παλλάδι
954 2385 1147 2472 Τριτογενεῖ.

454 2491 671 2573 Κυδωνιάτας
691 2495 865 2583 Κρησίλας
886 2488 1069 2582 ελρμάξατο.

224 2663 228 2672 .
321 2607 517 2672 Pronomine
537 2601 633 2672 τάνδε
648 2605 808 2695 designari
822 2615 954 2672 statuam
970 2604 1023 2672 vel
1040 2604 1210 2692 tripodem,
1232 2627 1326 2694 quem

323 2718 528 2784 dedicaverat
548 2718 658 2804 Pyros,
679 2720 732 2782 vix
754 2729 803 2783 est
824 2717 1082 2805 quodmoneam.
1122 2715 1193 2785 cn.
1215 2717 1327 2785 titulus

322 2831 447 2896 Atticus
475 2828 561 2916 apud
586 2828 727 2894 Boeokh.
752 2825 972 2916 Corp.1nsor.
995 2829 1040 2909 11,
1062 2851 1094 2916 p.
1116 2831 1183 2896 340
1206 2825 1326 2910 Ἀντή-

321 2963 388 3029 νωρ
410 2935 632 3031 Εὐφράνορος
659 2941 812 3021 ἐποίησεν
838 2934 933 3005 τόνδε
957 2925 1139 3028 Ἁρμοδίου
1160 2941 1217 3008 καὶ
1235 2937 1326 3028 Ἀρι-

236 3069 239 3074 ·
323 3054 537 3136 στογείτονος.
588 3049 768 3116 Simonides
791 3051 975 3134 (Simmiae)
1004 3054 1038 3117 in
1061 3053 1156 3117 Anth.
1179 3049 1245 3117 Pal.
1268 3051 1326 3130 VI,

323 3163 388 3228 182
410 3160 534 3238 Σῶσος
554 3184 610 3231 και
599 3155 736 3227 Σωσω
759 3157 903 3252 σωτήρια
925 3159 1013 3229 τόνδ’
1032 3160 1215 3242 ἀνέθηκαν.
1249 3163 1326 3249 Epi-

322 3295 463 3362 gramma
489 3272 577 3360 apud
606 3272 763 3339 Plutarch.
793 3273 835 3339 de
862 3296 952 3360 puer
976 3273 1066 3339 educ.
1088 3275 1133 3339 20
1160 3269 1325 3361 Ευρυδίκη

318 3383 554 3472 Ἰερααολιητις
574 3380 737 3452 τόνδ”έ
679 3407 723 3450 αν
723 3386 824 3466 έθηκε
839 3395 913 3464 ταῖς
928 3380 1092 3462 Μούσαις.
1126 3383 1215 3451 Sulla
1238 3383 1326 3472 apud

321 3499 444 3563 Arriam
473 3497 512 3561 Β.
542 3494 581 3563 C.
610 3496 640 3576 1,
666 3498 708 3562 97
743 3491 838 3562 τόνδε
867 3517 921 3564 σοι
949 3490 1160 3585 αὐτοκράτωρ
1189 3492 1327 3573 Σύλλας

321 3605 364 3675 ἀν
366 3606 475 3689 ἔθηκ’,
500 3606 698 3698 Ἀφροδίτη,
731 3605 787 3672 ubi
814 3611 934 3674 securis
962 3607 1160 3698 significatur
1187 3629 1207 3672 a
1234 3606 1327 3694 Sylla
1501 3595 1509 3628 ¹

322 3720 476 3791 dedicata.
563 3725 565 3728 ’

391 3926 423 3997 *)
453 3925 584 3988 Similiter
601 3933 683 3992 κτίσις
700 3929 729 3985 in
746 3931 827 4003 κρίσις
845 3926 924 3998 obiit,
946 3929 971 3985 oi
991 3936 1064 3984 recto
1082 3927 1206 3996 ooniioio,
1223 3928 1253 3984 in
1270 3928 1327 4004 opi-

321 4021 464 4088 grammate
481 4017 607 4092 anonymi
624 4014 659 4071 do
676 4034 758 4071 aenon
775 4013 855 4070 domo
873 4014 1011 4072 Anastooii
1028 4012 1110 4071 And.
1128 4011 1185 4070 Pal.
1197 4012 1246 4081 lx,
1262 4014 1325 4069 656.

321 4100 353 4157 οὔ
371 4125 418 4174 μοι
436 4093 588 4176 αυραμίδον
607 4107 675 4172 ἰκέλη
693 4108 774 4176 κρίσις
792 4099 852 4158 οὐδὲ
876 4101 1014 4168 κολοσσοῦ,
1034 4097 1094 4158 οῦδὲ
1115 4099 1220 4176 Φάρου,
1242 4099 1327 4172 μεμά-

321 4193 366 4259 λην
383 4187 481 4260 μοῦνος
499 4186 525 4244 δ’
540 4190 717 4263 ὑπερέδραμον
735 4193 830 4259 αἴγλην.
