3026 4816
546 454 837 524 Δεουκοειοοτ

191 615 320 700 αλνετύς
341 618 401 689 ούκ
422 619 551 687 δισσοῖο
573 613 688 706 καμιδν
713 615 849 706 α’ίνιγμα
869 613 994 699 τύποιο,

236 737 360 823 φέγγος
379 734 441 819 μέν
462 729 621 813 ξυνετοῖς,
643 727 810 811 ύξυνέτοις
831 726 862 797 δ’
888 730 1009 820 ἔρεβος.
1107 719 1109 726 '

645 873 744 937 XXII.

186 978 386 1051 ’Ἇκλαυστοι
405 985 463 1051 καὶ
485 974 652 1064 όίθαπτοι,
674 977 843 1073 ὁδοιπόρε,
865 977 942 1068 τῷδ’
968 981 1021 1048 ἐπὶ
1042 975 1155 1067 τύμβῳ

241 1095 426 1172 Θεσσαλίας
446 1096 579 1182 τρισσαὶ
600 1095 744 1182 κείμεθα
764 1087 928 1184 μυριάδες,

188 1203 347 1298 Ἠμαθίῃ
367 1208 453 1292 μέγα
473 1208 585 1293 πῆμα·
606 1199 646 1272 τό
669 1207 704 1273 δὲ
725 1198 844 1295 θρασύ
862 1211 949 1271 κεῖνο
975 1203 1142 1272 Φιλίππου

235 1316 366 1404 πνεῦμα
385 1316 484 1383 θοῶν
505 1312 639 1410 έλύφων
661 1309 754 1404 ᾤχετ’
779 1311 1012 1408 ἐλαφρότερον.

638 1456 754 1522 XXIII.

192 1569 288 1634 Πανὶ
308 1561 514 1652 κασιγνήτων
535 1559 605 1657 ἱερὴ
628 1563 735 1656 τριάς,
756 1561 858 1645 ἄλλος
879 1563 931 1632 ἀπ’
956 1559 1067 1648 όίλλης,

236 1670 355 1744 ύνθετ’
382 1674 445 1744 ἀπ’,
461 1679 581 1759 οὶκείης
603 1674 772 1765 σύμβολον
792 1679 956 1766 ἐργασίης.
1091 1759 1093 1766 y

193 1791 326 1876 Πίγρης
348 1786 514 1878 ὀρνίθων,
537 1786 640 1856 ἁλίαν
661 1787 844 1878 ἀπομοίρια
863 1789 1022 1875 Κλείτωρ,

237 1901 378 1986 ίμπαλιν
399 1894 566 1991 ίθντόνων
587 1899 693 1990 ιίοῖμις
715 1895 782 1967 ἀπὸ
806 1902 977 1967 σταλίκοιν.

194 2009 271 2078 ἀνθ’
297 2004 344 2079 ὧν
365 2008 521 2101 εύαγρίην
541 2013 587 2097 τῷ
607 2013 669 2099 μὲν
686 2007 832 2099 χθονός,
854 2002 881 2097 ᾧ
903 2013 939 2080 δὲ
960 2012 1087 2093 διδοίης

238 2122 273 2204 ἐξ
293 2119 389 2202 ἁλός,
411 2113 447 2208 ᾦ
460 2124 495 2190 δὲ
516 2126 628 2209 νίμοις
648 2121 745 2214 ἠέρος
766 2121 920 2217 ὠφελίην.

596 2296 796 2318 *-

479 2476 917 2544 ΔΙΟΣΚΟΡΙΔΟΥ

684 2780 708 2844 Ι.

194 2883 315 2974 Πυγὴν
335 2884 537 2979 Σασοίργοιο
564 2890 738 2958 διέπλασεν
756 2886 1001 2981 Ἀμφιπολίτου]

237 3000 394 3087 μυελίνην
415 2998 583 3080 παίζων-ὁ
604 2996 821 3092 βροτολοιγὸς
836 2994 947 3091 Ἕριος,

195 3113 289 3194 Ζῆνα
311 3113 424 3179 θέλων
445 3110 617 3201 ἐρεθίξαι,
636 3108 805 3181 ὁθούνεκα
826 3114 892 3180 τῶν
912 3107 1130 3202 Γανυμήδους

237 3225 352 3312 μηρῶν
374 3227 407 3291 οἱ
428 3220 547 3293 τούτου
571 3218 677 3291 πουλύ
696 3220 929 3315 μελιχρότεροι.

675 3362 714 3429 Π.

194 3469 386 3564 Δημόφιλος
407 3475 552 3541 τοιοῖσδε
574 3470 758 3565 φιλήμασιν
778 3480 807 3542 ελ
827 3469 910 3564 πρὸς
931 3472 1073 3564 έραστύς

235 3580 394 3673 χρήσεται
416 3583 577 3673 ἀκμαίην,
598 3582 725 3677 Κύπρι,
749 3584 828 3655 καθ’
853 3583 991 3669 ἣλικίην,

194 3693 238 3775 ὡς
260 3699 316 3784 ἐμὲ
336 3699 397 3764 νῦν
418 3700 575 3790 ἐφίλησεν
597 3695 615 3764 ὁ
638 3694 768 3781 νήπιος,
795 3696 902 3767 ούκέτι
921 3694 1045 3789 νύκτωρ

237 3803 346 3895 ἥσυχα
367 3810 407 3902 τῇ
427 3812 536 3877 κείνου
556 3811 658 3900 μητρὶ
678 3818 769 3897 μενεῖ
788 3805 959 3901 πρόθυρα.

263 4008 572 4081 XXII.Pal.V11,247.
593 4041 626 4058 ··-
647 4011 879 4081 XXIII.PaLV1‚
898 4014 958 4070 187.
977 4044 1010 4056 -
1028 4011 1048 4072 Ι.
1067 4009 1196 4080 Pal.x11‚

193 4098 237 4152 37.
255 4094 335 4154 Vm
352 4096 399 4154 ὅθ’
418 4098 512 4157 οὕνεκα
529 4109 557 4156 ελ
573 4099 734 4176 Γανυμήδαν
752 4131 787 4144 -
804 4099 838 4158 Π.
855 4097 984 4168 Ρι1.ΧΠ,
1003 4100 1046 4156 14.
