3026 4816
340 459 416 522 148⁴
605 458 864 520 annonario
886 459 1076 519 caturca.

341 638 372 702 p.
394 615 465 678 LXI
494 612 727 694 commendata,
754 612 885 678 tolerari
906 622 1025 699 potest.
1070 612 1227 698 Equidem
1253 614 1342 700 quod

341 725 417 792 olim
441 728 564 790 conieci
587 728 757 790 etiamnum
779 735 890 789 teneo:

407 834 467 922 οὐχ
488 833 507 902 ὁ
530 831 648 924 τρηχὺς
660 837 776 916 Δὶέλαιος
798 832 848 900 tu’
874 832 974 901 ὀστέα
994 844 1087 902 κεῖνα
1108 831 1271 901 καλύπτει.

339 950 495 1015 Nimirum
517 946 575 1012 sub
599 946 740 1012 oleastro
761 945 852 1011 arido
866 947 1014 1035 naufragi
1029 948 1251 1034 cenotaphium
1266 968 1343 1012 eou-

341 1060 441 1126 ditum
464 1069 542 1124 erat.
578 1060 674 1123 Ver
696 1079 758 1146 pro
781 1059 913 1143 δολιχῆς
932 1058 1068 1124 fortasse
1090 1057 1263 1146 legendum
1278 1062 1342 1124 Δο-

341 1173 442 1258 λίχης.
486 1173 528 1236 V.
551 1170 591 1234 ad
613 1170 755 1257 Euphor.
779 1169 888 1258 fragm.
910 1192 941 1255 p.
966 1172 1037 1234 182.
1082 1172 1177 1235 Vs.5
1198 1170 1342 1249 πολυκη-

340 1284 414 1360 δέος
434 1285 545 1369 scripsi
560 1302 621 1369 pro
636 1276 848 1366 πολνμήὸεος,
868 1291 1044 1367 praeeunte
1059 1280 1224 1345 Salmasio.
1260 1280 1342 1346 lhid.

340 1391 448 1474 ξενίης
469 1405 556 1458 recte
579 1392 645 1482 legi
668 1391 795 1458 ostendi
810 1390 851 1456 ad
868 1392 1010 1478 Euphor.
1032 1391 1143 1480 fragm.
1166 1390 1187 1456 l.
1203 1391 1224 1457 l.
1260 1395 1344 1458 Tum

340 1497 431 1583 κενεὴ
461 1503 632 1569 Salmasius
660 1525 721 1591 pro
749 1498 847 1584 κεινή.
899 1504 1001 1568 veo
1033 1499 1176 1587 βοτάναι
1204 1499 1345 1591 διψάδες

341 1623 414 1679 sunt
436 1617 626 1680 sitientia
648 1625 777 1703 prata,
806 1614 911 1701 qualia
934 1614 1123 1680 Trachiniae
1146 1615 1245 1680 fuisse
1268 1637 1344 1680 con-

340 1734 526 1790 sentaneum
548 1737 605 1792 est.
640 1728 763 1792 Moneo
786 1737 922 1813 propter
940 1725 1104 1792 Graeflum
1125 1726 1243 1792 frustra
1265 1728 1345 1791 haec

342 1847 558 1903 attentantem.

740 1986 939 1996 ...-.-...-.,.

689 2151 989 2214 PANOBMES.
1082 2151 1085 2159 ¹

296 2281 298 2288 ’
429 2284 454 2348 l.
491 2283 586 2350 Vsa
609 2283 680 2349 cod.
703 2287 891 2368 τετραέτεις.
936 2286 1035 2349 vet
1063 2282 1236 2373 legebatur
1258 2278 1345 2352 εὔτε-

340 2417 418 2474 κνα,
446 2395 535 2482 quod
557 2384 593 2462 εὖ
614 2399 712 2461 τέκνα
734 2394 936 2460 scribendum
962 2418 1033 2460 esse
1055 2398 1180 2461 monuit
1201 2396 1344 2463 Lobeck.

341 2505 382 2571 ad
403 2507 524 2594 Phryn.
546 2530 578 2594 p.
601 2509 676 2573 606.

428 2619 482 2683 111.
520 2619 614 2685 Vsa
637 2618 708 2684 cod.
732 2615 816 2698 αὐτη
839 2620 871 2683 οἱ
894 2612 954 2684 σὺν
975 2620 1038 2697 νηῒ.
1083 2617 1176 2702 Quae
1198 2622 1345 2705 pessimis

342 2732 533 2794 coniecturis
561 2739 671 2794 vexata
701 2739 783 2796 sunt.
839 2728 1050 2794 Scribendum
1084 2739 1151 2794 erat
1179 2726 1282 2795 αὐτὸν
1309 2733 1346 2818 ἑῇ

342 2835 554 2922 narraturi
577 2835 746 2928 ἀνδράσιν.
791 2839 828 2906 ld
850 2844 947 2930 igitur
968 2843 1109 2927 reposui.
1220 2928 1223 2932 .

744 3001 942 3010 *-

562 3153 857 3217 muttum
877 3155 1117 3216 ullumne.

430 3286 453 3350 Ι.
499 3285 576 3351 Sine
598 3289 738 3352 auctoris
768 3288 897 3352 nomine
921 3295 971 3351 est
991 3288 1026 3351 in
1045 3286 1112 3351 Pal.
1162 3288 1347 3376 Antagorae

342 3383 453 3462 tribuit
473 3397 573 3486 Diog.
595 3399 701 3464 haert.
724 3399 781 3478 IV,
803 3399 843 3462 2¹1
876 3398 929 3482 qui
952 3400 1111 3486 integrum
1134 3420 1260 3464 carmen
1282 3422 1347 3464 ser-

341 3511 437 3572 vavit.
470 3508 537 3573 Pal.
560 3513 694 3597 primum
717 3509 876 3573 distichon
894 3511 1008 3573 omisit.
1040 3505 1348 3602 vs.3vu1goq’2'a-

342 3638 408 3685 σεν.
454 3618 538 3685 Cod.
568 3621 608 3686 R.
630 3621 729 3709 Diog.
752 3613 855 3700 ἤϊσεν.
900 3617 1115 3686 Casaubonus
1142 3615 1242 3702 ἤϊξεν.
1287 3622 1348 3686 hn-

319 3731 515 3825 'perfeetum
538 3733 676 3796 restituit
695 3731 876 3797 Jacobsius.
921 3732 1015 3797 Vsa
1039 3733 1145 3798 αἰῶνα
1167 3744 1345 3820 στρεπτοῖς.

341 3841 439 3930 Diog.
476 3840 547 3907 eod.
576 3842 664 3908 Flor.
699 3849 857 3931 τρεπτοῖς.
912 3842 1086 3908 Jacobsius
1121 3843 1224 3910 ‘edidit
1252 3842 1344 3909 αἰῶν’

341 3949 543 4041 ἀστρέπτοις.
593 3954 734 4021 Praetrrli
763 3952 850 4043 quod
876 3953 960 4020 idem
984 3957 1136 4036 coniecit,
1165 3951 1347 4045 ἀτρέπτοις,

342 4065 429 4151 quod
451 4065 508 4132 illo
532 4069 646 4154 aptius.
