3028 4826
361 457 411 511 192
702 441 1017 515 conlncnnnnn.

649 653 827 708 uronunnn
845 656 903 708 nn
917 655 985 726 vu,
1004 629 1066 708 ns.

402 769 475 836 Καὶ
485 763 616 845 οὔποτ’,
634 762 867 852 Ἐμπεδόκλεις,
883 768 973 860 διερῇ
983 769 1085 859 φλογὶ
1096 767 1359 861 σῶμακαθήρας

445 880 510 968 πῦρ
532 872 598 945 ἀπὸ
619 874 790 976 κρητήρων
811 881 914 958 ἔκπιες
935 873 1129 946 ἀθανάτων.

358 1014 481 1082 Eodem
515 1014 614 1080 modo
643 1014 723 1079 haec
756 1016 875 1102 scripta
903 1024 978 1080 sunt
1011 1013 1097 1102 apud
1122 1015 1222 1104 Diog.
1251 1017 1357 1084 Laert.

209 1161 222 1176 ·
357 1126 445 1206 VIII,
468 1129 519 1193 75.
569 1126 668 1212 Atqui
695 1125 852 1214 κρητῆρες
878 1121 1049 1192 ἀθάνατοι
1077 1128 1152 1192 satis
1180 1126 1359 1194 insolenter

358 1237 476 1304 dictum
505 1246 561 1303 est.
613 1236 821 1304 scribendum
845 1237 973 1304 videtur
999 1237 1064 1324 πῦρ
1092 1232 1159 1303 ἀπὸ
1187 1235 1359 1328 κρητήρων

357 1351 462 1426 ἔκπιες
489 1345 676 1415 ἀθάνατον.
732 1348 884 1416 Ceterum
918 1350 981 1413 hoo
1009 1370 1140 1436 quoque
1167 1371 1293 1415 carmen
1322 1357 1359 1416 ἐκ

356 1462 416 1544 τῆς
443 1464 635 1547 παμμέτρον
662 1462 797 1548 petitum
825 1482 895 1526 esse
924 1463 991 1547 ipse
1021 1460 1138 1526 diserte
1161 1462 1258 1527 docet
1278 1463 1359 1528 Dio-

358 1594 467 1663 genes.
511 1573 560 1636 Ex
588 1570 702 1637 eodem
729 1570 814 1637 libro
844 1595 914 1637 cum
938 1571 998 1636 alie
1020 1572 1179 1662 Diogenis
1203 1570 1358 1662 epigram-

356 1695 440 1751 mata
462 1684 605 1755 derivata
625 1692 707 1762 sunt,
730 1692 796 1748 tum
818 1685 912 1748 etiam
933 1682 1013 1749 illud
1036 1687 1070 1748 in
1089 1684 1272 1750 Aristonem
1286 1687 1358 1764 VII,

358 1799 436 1874 164,
465 1799 552 1860 cuius
581 1797 691 1860 tertius
712 1816 823 1860 versus
844 1799 889 1859 ita
910 1793 1009 1882 vulgo
1040 1794 1145 1861 editur
1169 1789 1209 1860 τδ
1231 1789 1295 1884 μάρ
1317 1791 1357 1861 τὸ

355 1902 487 1997 θερμὸν
518 1909 632 1972 πλεῖον
665 1899 686 1986 ἢ
722 1905 797 1971 δέον
825 1903 938 1986 ζητῶν.
994 1905 1206 1973 scribendum
1232 1904 1357 1999 τοιγάρ,

237 2060 245 2070 ·
357 2020 444 2106 qnod
474 2021 568 2084 etiam
591 2019 720 2082 Timoni
742 2016 828 2105 apud
848 2017 988 2105 DIogen.
1011 2018 1070 2098 IV,
1090 2020 1133 2084 31
1157 2019 1356 2087 reddendum

355 2153 416 2219 pro
437 2133 478 2223 τῇ
498 2125 572 2218 ηάρ.
606 2129 644 2194 In
666 2127 730 2193 alio
754 2127 895 2193 eiusdem
909 2128 1067 2217 Diogenis
1088 2133 1225 2197 carmine
1241 2133 1357 2212 1v,oo

356 2242 527 2332 legendum
548 2242 676 2326 μέλλων
697 2243 730 2316 ἐς
751 2233 860 2328 ἄστρα
874 2240 1045 2324 διαβαλεῖν
1067 2243 1143 2328 (pro
1159 2244 1357 2329 διαβαίνειν)

355 2355 463 2436 θῆκεν
480 2353 596 2440 χαμαί.

676 2584 807 2636 onnon
824 2585 882 2635 nar.
895 2584 949 2651 rx,
968 2581 1029 2636 423.

399 2696 554 2790 Σάρδιες,
577 2702 612 2764 αἱ
634 2693 672 2764 τὸ
694 2694 799 2764 πάλαι
814 2692 925 2782 Γύγου
945 2693 1040 2776 πόλις
1062 2696 1145 2765 αἴτ’
1167 2695 1357 2780 Ἀλνάττον,

443 2806 591 2901 Σάρδιες
613 2814 648 2876 αἱ
669 2809 800 2895 βασιλεῖ
820 2810 947 2897 Περσὶς
969 2814 1004 2876 ἐν
1023 2805 1186 2876 Ἀσιάδι..

399 2923 436 2990 αἳ
454 2924 567 3012 χρυσῷ
587 2916 625 2988 τὸ
648 2914 793 2987 παλαιὸν
814 2917 1074 2988 ἑπλινθώσασθε
1096 2924 1279 3012 μέλαθρον,

444 3029 546 3119 ἀλβον
567 3033 755 3100 Πακτωλοῦ
776 3025 912 3120 ῥεύματι
934 3027 1116 3117 δεξάμεναι,

397 3148 458 3212 νῦν
480 3146 514 3211 δὲ
537 3140 614 3211 ὅλαι
636 3140 790 3224 δύστηνοι
811 3149 845 3220 ἐς
866 3144 902 3209 δν
922 3137 1025 3210 κακδν
1047 3141 1278 3233 ἁρπασθεῖσαν

442 3261 476 3334 ἐς
496 3251 609 3343 βυθὸν
632 3254 666 3336 ἐξ
687 3253 839 3345 ἀφανοῦς
855 3250 1029 3342 χάσματος
1050 3252 1190 3343 ἠρίπετε.

398 3369 516 3457 Βοῦρα
537 3369 594 3435 καλ
616 3372 660 3444 εὶς
677 3364 808 3448 Ἑλίκην
828 3367 1041 3450 κεκλνσμένα,
1065 3370 1101 3431 αὶ
1123 3365 1153 3432 δ’
1168 3369 1218 3433 ἐνὶ
1235 3373 1342 3456 χέρσῳ

442 3475 589 3570 Σάρδιες
610 3479 790 3565 ἑμβυθλαις
812 3483 857 3555 εὶς
878 3479 913 3544 ἓν
937 3477 1066 3543 nemos
1087 3478 1189 3556 τέλος.

354 3626 462 3688 Versu
483 3623 595 3708 quinto
617 3620 736 3684 hiatum
757 3618 921 3686 sustuleris
942 3620 1113 3687 scribendo
1131 3620 1192 3688 νῦν
1206 3616 1236 3685 δ’
1253 3616 1358 3699 ὀλοαί,
1391 3607 1393 3610 ’

354 3730 522 3814 δύστηνοι,
552 3735 586 3808 ἐς
606 3731 642 3796 ἓν
662 3725 765 3796 κακόν
788 3740 847 3797 etc.
892 3733 990 3799 veo
1015 3726 1130 3817 βνθδν
1151 3729 1186 3811 ἐξ
1208 3728 1360 3821 ἀφανοῦς

350 3842 524 3933 χάσματος
554 3842 725 3908 Jacobsins
761 3852 847 3908 arete
884 3844 1109 3933 coniungenda
1143 3863 1214 3909 esse
1241 3853 1359 3922 monet,

353 3959 588 4047 voraginem
623 3957 813 4020 immenso
842 3955 957 4021 hiatu
985 3966 1173 4044 apertam.
1226 3956 1358 4020 Rectius

355 4073 472 4157 opinor
495 4066 529 4149 ἐξ
550 4064 702 4158 ἀφανοῦς
726 4062 899 4153 χάσματος
920 4069 1140 4157 interpreteris
1167 4070 1360 4133 immensa

1302 4200 1359 4245 vo-
