3028 4826
359 457 414 511 nu
699 449 1016 514 CONIECTANEA.

364 626 443 672 esse.
486 606 594 672 Versu
619 607 721 694 primo
748 629 810 694 pro
833 601 998 685 Νυσαεύς,
1023 603 1110 692 quod
1131 605 1265 672 mediam
1288 629 1365 674 cor-

362 721 451 805 ripit,
478 718 680 784 scribendum
702 715 873 796 Νυσαιεύς.
923 719 1102 805 Stephanus
1129 721 1208 805 Byz.
1236 741 1268 805 p.
1291 721 1362 785 597

362 831 490 914 λέγεται
516 833 572 897 καὶ
594 833 757 909 Νυσαῖος,
785 827 819 909 ίξ
847 825 949 896 αύτού
970 823 1134 908 Νυσαιεύς
1153 824 1363 918 τρισύλλαβα

362 937 608 1028 (τρισύλλαβον)
628 942 685 1008 καὶ
706 934 859 1019 Νυσαεύς
879 936 958 1008 ἄνευ
977 942 1038 1008 τού
1054 949 1081 1006 ῖ.

642 1250 843 1303 ΔΝΤῙΡΔΤΕΒ
860 1251 918 1303 Pel.
931 1252 998 1319 Vll,
1016 1247 1078 1302 637.

406 1360 542 1453 Πύρρος
564 1362 583 1430 ὁ
603 1367 798 1452 μοννερίτης
819 1360 912 1455 ὀλίγη
933 1367 988 1445 νηῖ
1007 1356 1110 1429 λεπτὰ
1131 1358 1280 1448 ματεύων

450 1477 552 1569 φυκία
572 1477 629 1542 καὶ
650 1477 792 1564 τριχίνης
812 1476 968 1562 μαινίδας
989 1480 1024 1540 ἐκ
1043 1476 1199 1554 καθίτης,

406 1584 527 1670 ἠϊόνων
549 1583 693 1669 ἀποτῆλε
714 1588 823 1664 τυπεὶς
844 1587 1021 1653 κατέδουπε
1041 1585 1195 1674 κεραυνῷ.

448 1702 528 1780 νηῦς
549 1698 584 1764 δὲ
605 1691 688 1785 πρὸς
708 1691 876 1782 αἰγιαλούς
897 1699 1036 1788 ἔδραμεν
1057 1691 1237 1782 αὐτομάτη,

407 1789 561 1894 ύγγελίην
582 1811 668 1894 θείῳ
688 1811 744 1874 καὶ
765 1804 873 1894 λιγνύι·
891 1804 1070 1893 μηνύουσα,

449 1924 506 1987 καὶ
528 1915 669 2012 φράσεν·
688 1915 838 2009 Ἀργείην
858 1916 936 1986 κοοίι
957 1915 1105 2000 ἐπόθησε
1126 1912 1252 2007 τρόπιν.

363 2060 456 2124 Vel
485 2059 542 2138 νηί
566 2059 665 2144 prima
687 2055 779 2121 brevi
799 2055 909 2120 forsan
934 2057 1050 2120 tuearis
1073 2053 1235 2144 exemplis,
1263 2052 1361 2140 quale

365 2179 412 2235 est
434 2163 526 2249 δήϊος
547 2172 580 2234 in
594 2167 674 2234 locis
688 2166 773 2254 apud
786 2168 971 2233 Jacobsium
989 2165 1030 2231 ad
1044 2166 1140 2230 Anth.
1155 2163 1221 2230 Pal.
1234 2189 1267 2252 p.
1284 2168 1360 2244 152,

363 2280 417 2346 vel
443 2276 525 2362 η’ϊόν
554 2279 639 2367 apud
667 2281 795 2345 Homer.
819 2279 882 2346 od.
907 2282 941 2360 5,
963 2280 1028 2345 368
1057 2287 1089 2342 et
1116 2276 1228 2342 similia
1256 2275 1359 2363 plura.

363 2391 429 2459 Sed
450 2393 509 2456 hac
528 2391 656 2458 licentia
677 2414 837 2478 nunquam
859 2393 908 2456 usi
930 2400 1005 2455 sunt
1025 2400 1142 2477 poetae
1163 2393 1197 2454 in
1218 2385 1359 2453 voeabu-

344 2503 403 2592 ⁴lis
430 2501 597 2590 bisyllabis
630 2507 691 2568 nisi
718 2506 762 2568 ite
797 2514 834 2569 ut
861 2502 971 2568 ultima
1003 2501 1129 2589 syllaba
1155 2498 1360 2587 producatur,

363 2615 513 2681 velutin
539 2610 577 2696 ἠέ
606 2616 691 2703 apud
718 2614 913 2681 Nicandrum
940 2613 1097 2679 Athenaei
1117 2613 1176 2692 111,
1204 2635 1236 2699 p.
1258 2614 1302 2678 82
1326 2636 1358 2677 ιι.
1463 2629 1466 2636 ·

364 2723 467 2812 αὐτίχ’
486 2721 505 2791 ὅ
527 2723 556 2811 γ’
575 2721 598 2808 ἢ
618 2723 800 2804 Σιδόεντος
828 2725 865 2809 ἠὲ
887 2728 1053 2792 Πλείστου
1080 2717 1147 2790 ιἰπό
1172 2719 1295 2805 κήπων,
1325 2737 1359 2790 et

364 2837 449 2925 apud
471 2837 639 2904 Maximum
666 2841 741 2927 περὶ
767 2863 838 2904 κατ.
865 2860 912 2904 τε.
937 2839 997 2903 127
1028 2842 1054 2902 εί
1082 2837 1117 2902 δέ
1145 2858 1178 2902 τε
1208 2830 1359 2916 δεύτερον

363 2940 454 3037 ἦμαρ
475 2946 513 3030 ἠὲ
534 2952 644 3038 τρίτον
666 2947 825 3029 ἰθύσειεν,
849 2959 882 3015 et
902 2950 1092 3014 Numenium
1115 2949 1269 3013 Athenaei
1286 2948 1359 3026 Vll,

243 3117 244 3122 ,
350 3046 394 3146 ρ.
414 3062 480 3126 328
503 3085 532 3124 ιι.
555 3056 636 3142 ύκην
656 3056 679 3127 i*
699 3056 882 3146 κάλλιχθυν
903 3059 940 3141 ἠὲ
959 3056 1087 3148 χρόμιν,
1110 3053 1226 3125 ἄλλοτε
1248 3055 1280 3124 δ’
1300 3052 1359 3144 όρ-

364 3193 439 3262 (γον.
490 3172 699 3239 Scribendum
728 3176 825 3262 igitur
853 3175 914 3252 νεί,
942 3196 960 3237 a
988 3183 1076 3237 recto
1106 3193 1180 3236 casu
1201 3171 1287 3248 νεῦς,
1317 3169 1359 3234 de

364 3304 428 3370 quo
450 3284 525 3348 vide
547 3307 642 3371 supra
665 3285 706 3350 ad
721 3285 869 3351 Phalaeei
892 3286 1001 3373 Epigr.
1016 3285 1058 3363 V,
1077 3286 1105 3348 Ι.
1138 3284 1245 3348 Versu
1266 3292 1357 3348 sexto

363 3395 419 3459 καὶ
447 3390 574 3485 φρείσεν
600 3406 676 3482 post
696 3393 852 3482 ἀγγελίην
872 3392 1042 3480 μηνύουσα
1070 3413 1137 3461 non
1164 3394 1240 3460 ferri
1260 3415 1358 3481 posse

364 3505 443 3571 vidit
463 3507 650 3604 Jacobsiusn
664 3511 717 3595 qui
740 3510 904 3594 epitheton
924 3531 954 3573 v.
979 3531 1004 3573 c.
1027 3507 1162 3599 ἐμφανῆ
1182 3501 1281 3572 latere
1301 3529 1360 3592 pu-

365 3628 418 3684 tat.
462 3620 539 3684 Non
561 3617 667 3698 eredo,
689 3619 746 3686 sed
767 3619 939 3708 legendum
960 3622 1068 3708 potius
1089 3618 1229 3684 videtur:

406 3727 581 3814 κάγγελίην
601 3732 687 3814 θείῳ
708 3732 763 3796 καὶ
786 3727 890 3815 λιγνύι
910 3727 1080 3816 μηνύουσα

450 3844 609 3933 ἔφρασεν,
628 3838 778 3929 Ἀργῴην
799 3841 877 3910 κούκ
899 3841 1049 3924 ἐπόθησε
1065 3837 1196 3930 τρόπιν.

362 3956 444 4021 Nem
467 3957 544 4042 quin
565 3954 676 4020 ultimo
690 3977 785 4020 versu
807 3957 863 4020 καὶ
876 3965 964 4021 reete
978 3957 1079 4019 traiiei
1093 3956 1204 4042 possit,
1224 3951 1360 4038 plurima

364 4066 481 4134 docent
504 4065 646 4154 exempla
667 4076 834 4153 poetarum
857 4066 1080 4155 Authologiee.
1116 4064 1190 4131 Vid.
1214 4066 1260 4130 M.
1274 4064 1362 4130 Hau-
