3026 4816
241 449 243 452 '
358 447 411 502 162
619 440 882 504 ‘nonornrlo
904 443 1091 505 cntrtcn.

358 600 456 664 ratius
485 618 601 662 nares
632 596 712 663 dixit
742 597 782 683 de
812 597 967 664 odoribus
997 599 1051 685 qui
1072 597 1203 665 naribus
1225 603 1367 668 sentiun-

358 718 420 788 tur,
441 711 485 774 ita
508 708 616 773 forsan
631 708 843 774 Dioscorides
866 704 952 790 ἀκοή
973 709 1051 776 dixit
1073 711 1114 777 de
1130 715 1275 798 strepitu.
1309 713 1366 778 Se-

359 821 488 907 quentia
517 821 550 883 in
579 818 652 884 cod.
681 821 726 885 ita
748 823 867 908 scripta
896 831 971 886 sunt
999 827 1034 887 ἐκ
1060 824 1095 889 δὲ
1124 823 1167 907 βο
1182 869 1191 887 .
1207 870 1216 889 .
1232 824 1273 904 ῆς
1300 847 1366 910 μη-

356 935 446 1020 τέρα.
490 931 651 1018 Sequutns
680 954 749 997 sum
771 932 917 998 Salmasii
946 942 979 997 et
999 934 1145 1000 Jacobsii
1169 933 1367 1000 emendatio·
1443 941 1448 949 “

357 1064 431 1123 nes,
458 1045 512 1129 qui
540 1053 709 1130 praeterea
739 1038 777 1121 ὅς
803 1066 864 1132 pro
894 1049 929 1109 tn
957 1044 1159 1110 scribendum
1189 1048 1365 1124 coniecere,

359 1176 439 1243 quae
469 1177 579 1242 parum
607 1158 676 1220 veri
704 1155 815 1221 similis
845 1159 1027 1247 coniectura
1056 1166 1112 1221 est
1160 1155 1365 1224 Probabilius

357 1267 434 1333 mihi
455 1266 582 1332 videtur
603 1277 680 1355 post
700 1262 818 1356 ψόφον
841 1267 923 1333 duos
938 1290 1049 1334 versus
1064 1267 1271 1334 intercidisse.
1304 1270 1363 1335 Vs.

361 1382 401 1444 16
422 1380 509 1464 θηρὶ
532 1379 639 1468 φυγῆς
660 1378 821 1445 Reiskius.
865 1377 934 1445 Pal.
958 1379 1168 1470 θηροφογῆς.

443 1491 512 1556 XII.
550 1491 646 1556 vsa
670 1489 742 1556 cod.
764 1487 871 1579 ἠταιρ.
909 1490 1091 1557 Brunckius
1113 1487 1272 1580 d'wtpn.
1308 1494 1365 1558 Ja-

358 1604 485 1668 cobsius
514 1597 567 1684 ἧδ’
592 1601 666 1668 alst.
717 1602 918 1668 Hermannus
945 1597 999 1684 ἥδ’
1026 1594 1096 1689 ἀρα
1122 1607 1164 1668 οἱ.
1209 1606 1258 1670 Αο
1286 1627 1364 1670 sane

357 1718 385 1779 is
412 1735 525 1780 sensus
553 1735 624 1779 esse
653 1713 763 1794 debet,
800 1723 836 1779 ut
863 1715 986 1779 Urania
1015 1714 1196 1780 Parmenidi
1229 1720 1363 1805 gratiam

221 1914 224 1920 Ι
357 1847 417 1913 pro
441 1825 559 1916 tradito
581 1824 713 1890 flabello
736 1823 924 1912 rependisse
947 1824 1079 1891 dicatur.
1115 1827 1235 1892 Lenius
1258 1838 1363 1894 tamen

356 1939 433 2002 mihi
454 1940 555 2003 visum
583 1947 632 2002 est
655 1933 810 2027 θὴταίρῃ.
1468 1983 1469 1988 1

442 2049 527 2114 XIII.
563 2049 664 2114 vsa
694 2048 766 2114 cod.
794 2048 862 2114 αὸε.
907 2048 1047 2114 Brunck.
1076 2039 1148 2114 ὦδε.
1191 2049 1362 2116 Jacobsius

357 2153 430 2240 ἇὸε,
460 2159 548 2247 quod
574 2159 655 2225 nihil
678 2169 734 2226 est.
779 2160 900 2247 Scripsi
928 2163 1025 2249 igitur
1054 2155 1122 2226 ἀὸε.
1167 2161 1233 2226 Sed
1261 2185 1308 2227 vs.
1333 2167 1361 2242 7,

357 2272 413 2338 ubi
435 2271 507 2337 cod.
537 2263 596 2338 ἀδε
623 2271 740 2353 habet,
768 2282 825 2337 aut
853 2263 916 2338 ὦδε
938 2273 1139 2338 scribendum
1169 2282 1226 2337 aut
1247 2270 1362 2340 ἀσπίδι

356 2383 445 2468 τᾷδε.
491 2385 590 2449 Vsa
620 2382 719 2472 vulgo
750 2372 976 2472 ἀπροπάτωρ
1001 2385 1075 2450 Ζεῦ.
1121 2382 1205 2450 Cod.
1235 2374 1362 2474 ἀπρό-

309 2573 310 2576 Ὶ
357 2517 469 2583 πάτερ.
507 2495 628 2582 Scripsi
650 2498 747 2584 igitur
769 2485 793 2560 ά
814 2490 995 2584 πρόπατορ.
1034 2493 1103 2561 cfr.
1126 2494 1167 2560 ad
1185 2497 1361 2562 Leonidam

357 2609 431 2671 Tar.
455 2604 615 2687 CV11,12.
660 2608 719 2673 Vs.
736 2610 779 2674 10
802 2608 873 2674 cod.
896 2602 1062 2674 ἀνικάτου.

448 2719 533 2783 XIV.
577 2721 680 2784 Vsl
710 2743 822 2807 parum
856 2730 942 2786 recte
976 2718 1144 2808 legebatur
1180 2717 1272 2806 σῆμά
1301 2745 1362 2798 τοι,

357 2828 445 2916 quod
471 2833 506 2894 in
534 2829 626 2916 σῆμα
653 2825 724 2896 τόδ’
748 2834 877 2898 mutavi.
922 2833 986 2897 I’ro
1010 2824 1187 2896 Πολάττοο
1212 2832 1361 2897 Reiskius

356 2937 550 3027 Πολύγνοο,
577 2942 724 3029 Heynius
747 2944 906 3008 Πολίτοο.
950 2943 1039 3008 Nihil
1066 2943 1252 3008 mutandum
1273 2944 1363 3009 vide-

356 3061 417 3118 tur.
461 3052 658 3119 simillimum
680 3035 798 3119 nomen
820 3050 979 3132 Λινάπας
1000 3055 1099 3120 habes
1125 3053 1211 3142 apud
1231 3066 1359 3143 poetam

356 3165 530 3230 Pausaniae
552 3167 614 3246 VI,
638 3166 668 3231 8.
713 3167 815 3232 Vsa
844 3187 904 3253 pro
927 3160 1040 3246 ἀλλος,
1069 3169 1104 3232 In
1133 3187 1197 3253 quo
1220 3170 1280 3231 viri
1303 3188 1362 3233 no.

355 3297 429 3340 men
457 3275 557 3342 latere
580 3285 724 3364 apertum
748 3288 810 3358 est,
839 3281 953 3365 scripsi
979 3259 1117 3354 Θάλλος.
1161 3278 1226 3344 Alii
1243 3274 1361 3356 Ὕλλος

356 3386 410 3454 vel
430 3381 569 3465 Γάλλος.
607 3391 715 3454 Possis
740 3393 833 3456 etiam
848 3383 966 3466 Ἴλλος.
1000 3389 1066 3456 Sed
1087 3389 1287 3477 probabilius
1311 3400 1360 3455 est

356 3497 455 3564 fuisse
488 3493 645 3582 &didon
677 3502 735 3565 Vs.
764 3505 785 3568 4
815 3504 1013 3589 Tyrwhittns
1042 3503 1161 3582 δηλοις,
1197 3503 1294 3567 τοῦτο
1325 3499 1355 3567 δ’

356 3610 437 3676 ἔοικε
459 3609 572 3694 λέγειν.

409 3719 413 3729 '
442 3707 514 3786 XV.
554 3725 612 3788 Vs.
633 3727 649 3789 l
672 3746 733 3811 pro
757 3721 853 3789 αὐλοί
874 3723 1010 3789 fortasse
1032 3719 1134 3801 αὐλός
1148 3722 1358 3805 scribendum,

355 3844 488 3922 propter
508 3837 592 3900 vs.3
613 3829 697 3921 πρὸς
725 3829 806 3923 ἐμὸν
828 3831 980 3926 φώνημα.
1026 3837 1128 3902 Vno
1159 3835 1229 3902 cod.
1252 3832 1359 3922 πάρος

356 3942 456 4035 erineo
481 3949 566 4027 (sic)
588 3943 711 4025 ἀείσας.
751 3949 875 4034 Recepi
897 3969 989 4034 quam
1011 3948 1212 4013 Hermannus
1233 3969 1357 4014 mecum

356 4061 598 4126 communicavit
624 4062 839 4126 coniecturam
866 4053 993 4148 πατρὸς
1020 4050 1060 4126 οὗ
1087 4051 1286 4149 copatione,
1324 4061 1357 4124 si
