3016 4808
307 445 343 498 58
690 447 936 497 flrflzlnnor

781 594 836 662 Ill.

305 703 422 783 Ἀσπὶς
443 699 511 771 ἀπὸ
532 704 679 793 βροτέων
700 699 798 794 ι’ίμων
825 700 1013 795 Τιμάνορος
1032 696 1118 793 ἧμαι

350 818 423 902 ναῷ
442 814 620 909 ὑπωροφία
641 814 825 896 Παλλάδος
847 814 1039 906 άλκιμοίχας,

306 923 416 996 πολλά
438 928 605 1019 σιδαρείου
625 934 816 1016 κεκονιμένα
838 935 873 997 έκ
894 931 1061 1016 πολέμοιο,

351 1036 410 1106 τόν
430 1063 472 1126 με
493 1038 626 1132 φέροντ’
653 1042 718 1108 αὶελ
738 1042 884 1130 ῥυομένα
904 1036 1073 1108 θανάτου.

778 1165 836 1230 IV.

304 1271 357 1356 Ἐξ
381 1269 463 1354 άλὸς
482 1273 675 1362 ἡμίβρωτον
696 1272 919 1361 ἀνηνέγκαντο
942 1283 1097 1363 σαχηνεῒς

350 1379 473 1475 ἄνδρα,
494 1383 721 1454 πολυκλαύιου
741 1390 910 1468 ναυτιλίης
930 1383 1113 1474 σκύβαλον·

305 1498 420 1585 κέρδεα
443 1494 473 1563 δ’
492 1495 551 1565 οὐκ
572 1497 710 1579 ἐδίωξαν
731 1494 755 1563 ά
776 1493 823 1584 μη’
846 1500 962 1586 θέμις·
985 1491 1072 1566 ἀλλά
1093 1492 1154 1565 σύν
1176 1496 1289 1576 αὐτοῖς

349 1605 466 1696 ἰχθύσι
484 1606 554 1702 τῇδ’
582 1606 674 1703 ὀλίγη
695 1611 812 1692 θῆκαν
832 1605 897 1678 ὑπὸ
918 1605 1087 1703 ψαμάθῳ.

233 1698 239 1717 s
306 1712 332 1786 ὦ
350 1714 465 1807 χθών,
485 1714 546 1787 τὸν
567 1715 714 1807 νανηχόν
735 1723 815 1810 έχεις
837 1717 934 1790 ὅλον·
957 1719 1032 1789 ἀντὶ
1054 1723 1089 1789 δὲ
1111 1721 1228 1802 λοιπῆς

349 1825 472 1922 σαρκὸς
491 1827 568 1911 τούς
589 1833 722 1922 σαρκῶν
741 1841 962 1922 γευσαμένους
984 1840 1114 1922 έπέχεις.

787 1958 829 2022 V.

301 2061 488 2156 Ἑρμιονεὺς
509 2064 528 2133 ὁ
552 2065 669 2148 ξεῖνος,
692 2073 728 2134 έν
749 2065 949 2135 ἀλλοδαπῶν
969 2069 1004 2135 δέ
1026 2069 1203 2147 τέθαπται,

350 2179 490 2257 Ζωίλος,
508 2175 663 2268 Ἀργείαν
683 2167 787 2265 χαῖαυ
807 2175 1040 2270 ἐφεσσάμενος,

304 2283 349 2354 δν
369 2292 424 2354 ἐπί
446 2294 479 2356 οί
491 2273 718 2376 Ιβαθύκολπος
739 2287 895 2381 άμάσατο
918 2286 1057 2379 δάκρυσι
1076 2282 1192 2379 νύμφα

347 2402 523 2488 λειβομένα
544 2403 660 2478 παῖδές
681 2399 710 2468 τ’
737 2407 782 2480 είς
803 2398 892 2491 χρόα
913 2397 1107 2490 κειράμενοε.

777 2526 835 2591 Vl.

300 2630 437 2723 Ἐρρέτω
459 2625 552 2722 ἦμαρ
574 2640 678 2702 έκεῖνο
700 2639 757 2704 καὶ
780 2634 941 2723 οὐλομένη
963 2631 1176 2722 οκοτόμαινα,

452 2743 581 2836 βρόμος
602 2769 637 2813 τε
660 2742 766 2827 δεινὸς
787 2746 997 2836 ἠνεμωμένας
1019 2743 1108 2826 ἁλός,

303 2837 340 2923 ολ
358 2880 437 2924 ποτε
458 2855 514 2939 νῆ’
540 2854 708 2939 έκύλισαν,
733 2857 781 2950 ἐφ’
807 2849 847 2942 ἦς
869 2859 888 2927 ὁ
910 2852 1081 2926 τὰπολλὰ
1102 2859 1272 2948 μελίφρων

452 2965 639 3059 Ἀβδηρίων
660 2964 814 3059 άπρηκτα
834 2972 968 3039 θεοῖσιν
990 2964 1115 3057 εύχετο·

302 3080 433 3167 ῥαίσθή
455 3074 519 3170 γάρ
542 3076 597 3147 διὰ
619 3077 743 3162 πάντα,
765 3084 981 3170 προσηνέχθη
1005 3083 1038 3148 δὲ
1061 3076 1200 3147 κλύδωνι

451 3193 607 3280 τρηχεῖαν
628 3197 673 3270 εὶς
694 3192 863 3283 Σέριφον,
885 3195 1021 3260 αλδοίων
1042 3187 1106 3259 ὅθι

302 3300 482 3391 προξείνωυ
502 3297 567 3371 ὑπὸ
587 3306 681 3391 χερσὶ
702 3297 812 3390 λαχὼν
833 3300 936 3394 πυρὸς
957 3308 1044 3371 ἵκετο
1066 3301 1198 3393 πάτρην

447 3409 600 3504 ΙἈβδηρα
621 3417 759 3503 κρωοσῷ
776 3417 905 3501 χαλκέῳ
926 3418 1140 3504 περιοταλείς.

767 3538 840 3605 Vll„

310 3644 378 3730 Τὴν
399 3645 466 3715 ἀπὸ
489 3651 650 3738 πυρκαϊῆς
675 3649 801 3731 ἐνδέξια
824 3653 910 3740 φασὶ
930 3653 1091 3718 κέλευθον

341 3758 465 3847 Ἑρμῆν
486 3755 562 3838 τοὺς
584 3756 739 3847 ἀγαθούς
761 3768 805 3840 εὶς
823 3757 1064 3848 Ῥαδάμανθυν
1085 3757 1185 3848 άχειν,

371 3936 416 3993 ΠΙ.
435 3934 490 3993 Pal.
506 3935 629 4005 V1,124.
652 3936 699 3993 Vs.
715 3939 734 3996 l
748 3936 809 3994 som
829 3945 942 4012 κρατέων
965 3934 1044 3994 Vs.2
1062 3939 1112 4011 νηῷ
1133 3971 1165 3982 -
1185 3935 1230 3995 IV.
1248 3934 1303 3992 Pal.

300 4021 359 4091 Vll,
371 4025 432 4080 276.
447 4056 478 4066 -
498 4021 531 4080 V.
550 4020 606 4080 Pal.
619 4021 678 4092 Vll,
690 4025 751 4081 446.
770 4023 849 4082 Μ
867 4024 1039 4098 ἐπεσσύμενος
1052 4056 1083 4068 -
1102 4021 1147 4080 Vl.
1166 4020 1221 4080 Pal.
1232 4019 1304 4090 ΧῙΠ,

302 4113 342 4165 12.
361 4139 395 4150 -
414 4107 471 4166 Vll.
491 4107 698 4178 Pa1.v11,54⁵.
719 4107 795 4167 Vs]
815 4117 858 4168 ἐπὶ
