3026 4816
316 443 369 498 lae
580 437 840 498 ADNOTATIO
868 438 1054 498 cnrrlcl.

316 599 489 680 grammata
517 590 618 657 edidit
643 591 786 657 Brunck.
810 590 1070 673 Anal.11,198.
1115 592 1173 656 Vs.
1196 594 1217 658 4
1246 592 1319 658 cod.

316 695 382 787 γνῶ
405 699 505 769 οονθ’
527 696 741 791 Ἀλκάνδροα
777 703 923 792 Scaliger
941 698 1154 787 Ἀλκάνδρου.
1197 702 1323 770 obscu-

316 837 386 880 rum
408 813 515 880 locum
537 824 572 880 et
593 825 778 902 conuptum
800 836 868 881 non
891 813 1037 901 expedio.

406 925 444 993 C.
481 924 648 992 Leonidae
670 926 849 991 Tarentino
872 929 1012 1015 assignat
1032 925 1115 1004 Pal,
1145 927 1321 992 Theocrito

317 1037 487 1117 Planudes‚
508 1040 597 1104 cuius
617 1040 702 1103 inter
716 1041 943 1128 epigrammata
957 1046 1119 1125 receptum
1136 1047 1192 1103 est
1225 1039 1284 1102 Vs.
1300 1038 1321 1102 4
1421 1097 1426 1108 .

313 1146 526 1235 χὺμνοθέτης
560 1158 745 1237 corruptum
772 1148 909 1215 videtur.
959 1148 1007 1214 lb.
1042 1148 1226 1234 δαιμονίοις
1253 1147 1321 1214 Pal.

318 1262 414 1328 Vsb
435 1265 588 1327 revocavi
608 1261 681 1328 cod.
703 1261 876 1328 lectionem
898 1261 969 1346 ίχει,
992 1281 1073 1347 quae
1094 1259 1223 1326 videtur
1243 1262 1322 1326 terri

319 1394 426 1461 posse.
468 1374 608 1439 Auratus
631 1376 754 1440 ἐπέοικε
774 1367 878 1458 εύχεν,
901 1370 989 1457 quod
1010 1372 1191 1437 Brunclrius
1214 1382 1247 1438 et
1267 1373 1324 1437 Ja-

320 1483 450 1550 cobsius
477 1486 604 1572 sequuti
626 1493 708 1550 sunt.
754 1484 864 1549 Verbe
886 1477 1032 1561 τεθνεώς
1062 1481 1080 1549 ὁ
1104 1476 1266 1575 σοφιστὴς
1288 1486 1322 1548 in

320 1594 410 1663 editt.
433 1597 597 1662 Theocriti
624 1605 712 1661 recte
735 1617 806 1661 cum
827 1594 1095 1683 praecedentibus
1125 1598 1325 1684 coniungun-

321 1717 383 1773 tur.
415 1706 587 1774 Jacobsius
607 1702 713 1794 τύχεν·
735 1700 914 1784 troncoso
938 1701 1100 1797 σοφιστῆς
1113 1708 1229 1791 καίπερ
1246 1716 1307 1772 etc.

408 1818 479 1885 CII.
517 1820 619 1884 Vsd
648 1817 715 1883 Pal.
738 1814 857 1907 ἁθροα
880 1821 999 1884 omisso
1022 1828 1169 1897 accentu,
1193 1816 1322 1904 dequo

320 1933 355 1995 in
386 1939 550 2016 utramque
578 1939 699 2016 panem
735 1951 754 1994 a
782 1935 995 2018 grammaticis
1027 1929 1223 2019 disputatum
1252 1951 1324 1995 esse

321 2052 456 2108 constat.
500 2041 589 2107 Plan.
612 2035 740 2129 ἀθρόα.
780 2042 901 2131 Scripsi
922 2038 1041 2132 ἁθρόα
1063 2046 1176 2129 spiritu
1198 2063 1323 2130 aspero,

320 2164 358 2220 ut
378 2153 465 2242 apud
485 2154 660 2219 Homerum
680 2152 786 2219 voluit
799 2154 1000 2221 Aristarchus
1022 2165 1055 2220 et
1076 2154 1205 2220 Platoni
1227 2175 1265 2219 ex
1286 2153 1325 2218 li-

320 2266 386 2332 bris
407 2266 476 2332 fere
497 2269 635 2332 restituit
655 2264 832 2345 Bekkerus
855 2288 882 2332 e.
899 2289 925 2348 c.
949 2269 1030 2332 Tim.
1046 2291 1077 2354 p.
1094 2268 1138 2332 64
1160 2267 1192 2332 d.
1225 2265 1323 2333 Polit.

320 2402 353 2466 p.
374 2379 440 2444 294
463 2401 489 2443 e.
522 2379 626 2467 Legg.
649 2401 680 2464 p.
703 2379 769 2443 849
792 2379 823 2443 d.
869 2376 937 2445 cfr.
966 2378 1114 2465 Spitzner
1142 2377 1183 2443 ad
1211 2378 1247 2443 ll.
1271 2381 1324 2458 14,
1458 2385 1467 2394 “
1508 2343 1509 2350 l

321 2492 367 2556 38
389 2500 421 2555 et
442 2488 615 2578 Goettling
636 2489 677 2555 de
699 2489 773 2555 Ace.
795 2515 827 2577 p.
842 2493 917 2556 296.
954 2491 1056 2555 Recte
1077 2489 1250 2556 Jacobsius
1273 2510 1325 2555 ex-

322 2601 421 2690 plicat
447 2601 563 2665 firma
592 2610 631 2666 et
658 2611 862 2688 compacta
888 2602 1069 2668 membra.
1118 2603 1218 2667 Vs?
1249 2596 1324 2688 θὴρ

322 2716 439 2800 μείνας
459 2711 527 2778 Pal.
560 2705 602 2791 δὴ
622 2714 738 2797 μείνας
757 2712 848 2778 Plan.
882 2708 1037 2798 δειμήνας
1052 2713 1219 2793 Centenis,
1240 2714 1326 2801 θερ-

322 2820 431 2910 μήνας
456 2823 644 2903 Jacobsius‚
676 2817 749 2906 θὴρ
778 2827 893 2909 μείνας
923 2820 1107 2902 διανύκτεος
1134 2825 1325 2891 Brunclrius.

324 2934 425 3022 Quod
452 2937 566 3000 ceteris
593 2934 766 3021 simplicius
802 2943 860 3000 est.
914 2936 988 3023 Ipse
1016 2938 1200 3023 suspicabar
1224 2943 1326 3023 χεῖμα

324 3043 354 3113 δ’
373 3040 468 3137 ἄφαρ
489 3048 605 3132 μείνας
631 3039 705 3131 θὴρ
726 3042 868 3124 νύκτιος,
896 3057 933 3113 ut
954 3040 1049 3139 ἄφαρ
1072 3070 1143 3114 cum
1165 3051 1327 3136 sequenti-

323 3159 384 3224 bus
404 3161 564 3246 iungatur.
608 3157 704 3222 Vsss
726 3156 797 3223 cod.
821 3155 917 3244 οίχει’
939 3155 990 3224 ἐπ’
1018 3154 1207 3238 αὐλόσννος.
1242 3159 1327 3227 Cor-

311 3273 406 3350 rexit
425 3268 596 3336 Planudes.
640 3270 736 3334 Vas
759 3272 791 3334 οί
813 3271 847 3336 δὲ
868 3270 1049 3336 Jacobsius.
1085 3261 1121 3336 εὖ
1142 3273 1176 3338 δὲ
1200 3272 1272 3338 cod.

412 3381 500 3450 CIV.
542 3383 644 3448 Vsa
671 3381 770 3446 verba
796 3381 922 3462 πολλῆς
949 3378 1075 3462 ἡλικίης
1101 3387 1244 3472 προτέρη
1271 3385 1327 3449 Ja-
1449 3391 1451 3394 ’

324 3493 453 3560 cobsius
475 3491 611 3580 explicat
638 3491 707 3557 diu
728 3500 820 3556 ante
843 3514 953 3578 quam
981 3516 1055 3581 per
1075 3505 1246 3561 naturae
1267 3495 1326 3561 le-

324 3627 395 3695 ges
425 3608 460 3671 ei
482 3603 730 3670 moriendum
753 3612 871 3668 esset.
921 3604 1021 3690 Quod
1044 3628 1082 3672 ex
1108 3609 1233 3694 graecis
1255 3628 1327 3671 ver-

323 3717 373 3783 bis
400 3719 453 3782 vix
487 3715 618 3782 efficias.
667 3713 860 3801 Suspicabar
886 3716 999 3800 πολλῷ
1026 3713 1056 3802 γ’
1085 3715 1212 3799 ἡλικίης
1243 3741 1326 3807 προ-

323 3833 415 3918 τέρη,
444 3828 512 3894 diu
539 3837 633 3892 ante
662 3849 772 3914 quam
794 3826 1059 3895 adolevisset.
1111 3830 1146 3896 Si
1175 3851 1253 3894 sana
1276 3839 1327 3894 est

323 3941 444 4007 codicis
465 3940 578 4020 lectio,
601 3961 727 4005 sensum
750 3961 821 4004 csse
844 3938 1031 4007 crediderim
1052 3941 1185 4008 πολλῶν
1205 3937 1328 4021 ἡλίκων

322 4057 473 4142 προτέρη.
516 4052 611 4119 Vs.5
634 4049 705 4118 cod.
729 4045 923 4141 Περιστερή.
