3016 4808
514 465 820 518 AzxAnmAAor
1116 443 1169 520 ἰε

164 618 200 681 αἱ
218 614 368 702 χαροποὶ
390 613 612 706 Κλεοφῶντος
633 617 687 682 ἐπὶ
708 609 895 703 προθύροις
916 610 1097 704 ἐμάραναν,

209 721 321 815 Κύπρι
342 726 439 816 ρίλη,
460 727 620 816 γλυκεροῦ
639 726 830 814 βλέμματος
851 722 1041 816 άστεροπαί.

638 869 710 933 XV.

116 969 123 994 ἐ
161 969 315 1066 Ἑρμιόνῃ
335 975 467 1066 πιθανῇ
487 973 557 1043 ποτ)
582 971 644 1062 έγολ
667 975 862 1056 συνέπαιζον
882 971 997 1067 έχούση

208 1086 325 1166 ζωνίον
345 1083 381 1166 ἐξ
403 1083 539 1154 ἀνθέων
560 1089 724 1168 ποικίλον,
746 1077 773 1154 τό
794 1089 929 1178 Παφίη,
1046 1071 1048 1076 ’

159 1193 285 1286 χρύσεα
305 1192 468 1285 γράμματ’
495 1200 579 1286 έχον·
601 1195 714 1267 διόλου
736 1197 767 1266 δ’
785 1203 965 1288 ἐγέγραπτο
987 1198 1103 1278 ,Φέλει
1116 1221 1165 1286 με,

207 1310 264 1375 καὶ
284 1301 331 1394 μὴ
353 1311 508 1397 λυπηθῇς
529 1304 572 1392 ἤν
592 1335 642 1390 τις
663 1313 717 1404 ἐχη
738 1309 768 1398 μ’
795 1315 937 1398 έτερος.“

618 1449 720 1516 XVI.¹

158 1557 211 1625 ‘H
228 1554 360 1647 λαμυρή
382 1556 418 1646 μ’
444 1562 562 1649 έτρυσε
589 1561 778 1630 Φιλαίνιον·
800 1564 828 1626 ελ
850 1560 885 1625 δέ
905 1553 945 1625 τό
966 1559 1099 1647 τραῦμα

206 1664 253 1756 μὴ
276 1677 395 1762 σαφές,
417 1667 486 1736 ἀλλ’
513 1667 531 1738 ὁ
553 1668 657 1750 πόνος
678 1666 789 1738 δύεται
810 1675 855 1748 είς
876 1662 988 1758 όνυχα,

163 1779 278 1870 οίχομ,
293 1776 440 1872 Ἔρωτες,
462 1775 579 1863 όλυλα,
601 1785 783 1869 διοίχομαι·
805 1787 851 1860 είς
870 1776 935 1869 γὰρ
956 1783 1093 1871 ἑταίραν

209 1889 377 1974 νυστάζων
398 1893 535 1978 ἐπέβην,
558 1891 634 1976 ἡδ’
660 1896 779 1979 έθιγον
799 1891 828 1960 τ’
852 1890 958 1960 Ἀίδα.

612 2041 713 2108 XVII.

163 2145 251 2230 Νύξ,
273 2153 309 2216 σέ
330 2147 409 2238 γάρ,
432 2149 491 2219 οὐκ
512 2145 616 2219 άλλον
636 2148 861 2242 μαρτύρομαι,
887 2145 944 2216 οἷά
964 2147 995 2236 μ)
1019 2148 1143 2240 ὑβρίζει

206 2257 348 2340 Πυθιάς
368 2259 390 2344 ἡ
413 2264 551 2344 Νικούς,
574 2253 660 2331 ούσα
681 2257 915 2355 φιλεξαπάτης.

162 2375 316 2456 κληθείς,
338 2371 397 2441 οὐκ
419 2368 560 2456 ἄκλητος
582 2369 740 2456 ἐλήλυθα.
763 2368 869 2442 ταύτά
890 2375 1054 2442 παθοῦσα

206 2489 262 2554 σοὶ
282 2483 437 2576 μέμψαιτ’
461 2483 507 2552 ἐπ’
532 2490 624 2573 ἐμοῖς
645 2487 755 2552 στᾶσα
775 2480 868 2576 παρά
888 2481 1082 2577 προθύροις.

603 2626 721 2692 XVIII.

158 2731 270 2816 Ὑετὸς
293 2727 333 2819 ἦν
353 2739 411 2804 καὶ
431 2733 491 2817 νὺξ
511 2739 569 2804 καὶ
589 2732 628 2804 τό
650 2739 763 2827 τρίτον
783 2731 885 2823 ἄλγος
906 2738 1009 2826 ἐρωτι,

206 2845 310 2930 οἶνος,
331 2853 389 2917 καί
409 2851 531 2941 βορέης
551 2845 694 2940 ψυχρός,
716 2843 778 2934 έγολ
801 2850 836 2915 δὲ
856 2844 975 2934 μόνος·

162 2959 229 3028 ἀλλ’
255 2960 275 3029 ὁ
297 2956 399 3041 καλὸς
418 2958 544 3050 μόσχος
564 2963 665 3029 πλέον
685 2959 789 3048 ίσγυε·
811 2962 868 3026 καὶ
889 2952 931 3027 σύ
950 2954 1015 3048 γάρ
1038 2953 1141 3038 οὕτως

204 3066 330 3156 ἤλυθες
352 3071 426 3140 οὐδὲ
449 3070 562 3162 θύρην
583 3066 666 3163 πρὸς
686 3073 769 3160 μίαν
789 3066 973 3158 ἡσυχάσας·

163 3186 202 3279 τῇ
223 3187 258 3252 δὲ
280 3183 405 3252 τοσοῦτ’
431 3181 558 3272 ἐβόησα
578 3186 812 3273 βεβρεγμένος·
834 3176 911 3273 άχρι
930 3184 1021 3260 τίνος
1043 3185 1110 3248 Ζεῦ
1115 3211 1125 3265 3

206 3298 272 3365 Ζεῦ
292 3298 368 3389 φίλε
391 3300 543 3385 σίγησον·
565 3289 686 3375 καύτός
707 3297 788 3384 έράν
809 3297 944 3383 ἔμαθες.

158 3530 245 3604 Ὴδύ
265 3538 390 3627 θέρους
411 3538 551 3624 όαγῶντι
567 3529 649 3622 χιόν
670 3531 788 3615 ποτόν,
809 3529 873 3616 ἡδύ
894 3534 929 3600 δὲ
950 3529 1085 3611 ναύταις

206 3655 240 3716 ἐκ
259 3649 419 3737 χειμῶνος
441 3649 522 3715 ἐδεῖν
544 3642 687 3737 ελαρινόν
709 3651 884 3738 στέφανον.

231 3832 291 3890 XV.
315 3831 371 3890 Pal.
384 3832 419 3901 V,
438 3836 499 3890 158.
520 3867 551 3876 -·
576 3831 650 3890 XVI.
673 3829 777 3898 Pal.V‚
798 3835 855 3888 162.
882 3829 963 3888 VM
988 3829 1050 3888 fort„
1073 3838 1162 3902 ἐπέβην

162 3916 234 3989 τήνδ’
253 3918 345 3990 ἔθιγὸν
362 3917 386 3973 τ’
407 3953 438 3963 -
462 3918 548 3976 XVII.
572 3917 676 3988 Pam,
698 3920 755 3974 164.
778 3916 856 3975 val
875 3917 951 3987 ἄλλην
975 3914 1054 3973 Vm
1073 3915 1125 3990 φίλ’
1138 3921 1163 3976 ίξ

162 4001 271 4077 ἇπάτης.
296 4003 373 4061 VsuI
390 4004 452 4062 fort.
470 4004 616 4080 μεμψαίατ’
630 4015 701 4080 ἐμοῖς
720 4037 753 4048 -
772 4001 867 4079 XVIII.
887 4002 1061 4071 Pal.v‚167.
1085 4001 1162 4057 Vs.3

163 4089 287 4161 Μόσχοςί
310 4088 550 4164 Vs.44‘10131aoac'
570 4089 647 4150 νοῦ
665 4094 729 4168 τῇδε
750 4123 781 4134 -
801 4089 874 4146 XIX.
893 4088 949 4145 Pal.
962 4087 996 4155 V,
1017 4092 1075 4146 169.

905 4179 973 4249 2*
