3028 4826
330 439 384 494 220
495 463 499 470 ·
671 432 991 494 conlucranna

330 583 404 674 lege
432 581 636 674 penultimam
664 589 811 673 corripit,
845 609 908 673 qua
937 609 964 652 e.
994 610 1021 652 e.
1053 585 1138 653 idem
1165 568 1340 676 Philippus

329 698 425 764 Anth.
447 696 515 765 Pal.
538 697 591 777 IX,
613 699 657 763 56
679 693 811 785 λξεσύρη
833 699 1009 784 penultima
1029 697 1120 763 brevi
1143 698 1228 765 dixit.
1271 693 1339 766 Ita-¹

331 831 394 896 que
415 809 592 876 mirandum
613 812 735 896 potius,
758 808 893 874 eundem
915 820 1043 896 poetam
1066 810 1161 875 anth.
1184 810 1251 877 Pal.
1275 813 1336 892 vl,

329 923 393 987 251
414 925 592 1011 χεμιφορέα
621 921 736 985 dixisse
759 922 1006 1008 antepenultima
1028 920 1183 1008 producta
1205 925 1239 988 in
1261 945 1336 989 ver-

329 1029 380 1098 bis
400 1028 507 1119 μάζης
526 1035 703 1122 χεριφνρέα
724 1031 832 1098 δαῖτα.
876 1032 943 1099 Sed
963 1032 1130 1120 Philippus
1151 1036 1186 1097 in
1207 1056 1333 1100 summo

330 1147 484 1210 orationis
505 1146 612 1209 nitore
634 1153 667 1208 et
687 1164 834 1208 versuum
857 1144 1102 1233 pangendorum
1125 1145 1274 1224 artificio,
1296 1150 1334 1211 in

328 1256 503 1322 verborum
536 1266 642 1322 tamen
667 1255 859 1320 formatione
894 1265 928 1321 et
961 1254 1155 1343 syllabarum
1183 1278 1332 1322 mensura

330 1367 494 1455 complura
514 1367 612 1432 habet
634 1365 816 1454 singularia.
861 1367 910 1432 Ex
931 1367 995 1431 hoo
1016 1388 1135 1455 genere
1158 1376 1206 1432 est
1226 1363 1331 1454 πυρή-

328 1501 426 1556 τοκος
447 1499 507 1567 pro
529 1479 703 1565 πορίτοκος
725 1476 820 1542 Anth.
844 1477 911 1542 Pal.
924 1479 986 1560 VI,
1009 1481 1062 1543 90.
1104 1474 1331 1563 ἀναδραμεται

329 1613 391 1678 pro
414 1587 654 1675 ἁναδραμεῖται
674 1588 728 1666 lx,
749 1590 823 1654 575.
862 1584 942 1669 ἐλολη
964 1587 1137 1677 penultima
1158 1587 1248 1652 brevi
1270 1590 1329 1668 IV,

328 1704 365 1781 2,
387 1703 446 1781 12,
466 1701 530 1780 Vl,
553 1700 625 1778 102,
647 1720 833 1785 quamquam
854 1700 918 1765 hoo
940 1703 1034 1766 etiam
1056 1699 1110 1763 alii
1131 1698 1193 1764 sibi
1214 1702 1331 1788 permi-

329 1834 413 1894 sere,
436 1832 516 1899 quos
537 1815 710 1877 memoravi
731 1813 857 1901 Fragm.
880 1811 1003 1879 Comic.
1024 1811 1083 1890 lll,
1105 1835 1137 1897 p.
1153 1812 1233 1891 503,
1261 1814 1330 1898 qui-

328 1924 389 1990 bus
410 1921 493 1989 adde
515 1933 643 2010 poetam
665 1924 760 1989 Anth.
782 1923 850 1989 Pal.
872 1925 943 2003 XV,
967 1926 1016 2002 ll,
1039 1926 1090 1989 10.
1131 1923 1235 1988 Porro
1258 1944 1330 1988 cor-

327 2037 434 2122 reptio
463 2044 539 2100 ante
560 2033 580 2114 ζ
598 2034 729 2118 literam
745 2035 821 2113 Vll,
844 2036 909 2100 394
939 2044 971 2100 et
992 2036 1049 2113 IX,
1072 2036 1136 2100 742
1165 2034 1241 2116 (ubi
1262 2034 1327 2123 leg.

327 2151 426 2233 τέχνα
454 2147 489 2212 δὲ
517 2140 735 2226 ζωπόνησεν).
785 2141 986 2234 ὑφασμένος·
1003 2149 1103 2233 prima
1131 2144 1222 2211 brevi
1250 2145 1329 2213 dixit

328 2260 481 2338 71217,
506 2267 541 2322 ut
561 2258 751 2344 Anonymus
774 2257 859 2344 apud
881 2257 1010 2323 Jacobs.
1034 2256 1180 2345 Append.
1203 2259 1326 2338 282,1

328 2369 513 2455 ἱδρυμένος,
535 2372 598 2434 nisi
618 2369 704 2434 forte
725 2367 898 2458 legendum
916 2371 1059 2454 σχοίνοις
1079 2366 1272 2458 ὑφασμένον
1294 2381 1329 2435 et

328 2479 413 2568 apud
435 2481 642 2567 Anonymum
669 2481 847 2558 Ταλλαίονς
868 2480 1024 2566 ἱδρυμένα.
1074 2481 1223 2567 Denique
1245 2505 1329 2567 τρα-

324 2587 570 2679 χηλοὸεσμότης
593 2591 670 2659 dixit
684 2612 743 2678 pro
758 2587 1070 2678 τραχηλοδεσμώτης
1083 2594 1140 2672 vl,
1156 2594 1229 2658 107.
1260 2591 1328 2658 Sed

328 2705 391 2769 hoc
414 2706 507 2769 etiam
530 2702 685 2769 eiusmodi
709 2711 770 2782 est,
792 2712 828 2768 ut
847 2705 917 2768 vitii
938 2713 1117 2790 suspectum
1140 2703 1271 2769 habeam
1294 2714 1329 2770 et
1438 2793 1440 2799 A

328 2815 528 2880 scribendum
542 2825 651 2901 putem
666 2810 971 2902 τραχηλοὸεσπότας
985 2817 1005 2880 1.
1023 2836 1049 2878 e.
1065 2817 1229 2902 τραχηλοῦ
1244 2839 1327 2903 κρα-

328 2926 481 3006 τοῦντας,
510 2925 597 3013 quod
624 2929 752 2992 minime
781 2929 923 3013 ineptum
946 2935 996 2991 est
1016 2927 1135 2992 κλοιῶν
1157 2921 1328 3012 κονάγχων

329 3037 504 3125 epitheton.
555 3037 683 3104 Editum
711 3040 763 3102 vix
789 3048 877 3103 recte
906 3041 975 3125 quis
1005 3047 1131 3103 tueatur
1156 3038 1266 3102 similis
1289 3038 1329 3103 li-

328 3151 452 3214 centiae
482 3147 626 3234 exemplo
655 3147 741 3236 apud
762 3148 944 3235 Statyllium
971 3149 1119 3214 Flaccum
1141 3149 1235 3215 Anth.
1258 3150 1327 3217 Pal.

327 3261 390 3340 VI,
405 3262 480 3340 196,
501 3261 555 3347 qui
576 3255 787 3345 ἀμμοδνότης
808 3259 924 3326 dixisse
945 3260 1073 3326 videtur
1094 3282 1153 3350 pro
1177 3258 1328 3349 ἀμμοδυ-

328 3367 420 3452 ώτης.
465 3371 530 3437 Sed
553 3370 593 3436 de
615 3372 678 3435 hoc
698 3372 780 3436 infra
803 3370 866 3436 dixi
887 3396 918 3460 p.
940 3374 1015 3438 222.

625 3618 808 3670 numurus
825 3618 902 3670 rim.
914 3621 963 3689 lv,
981 3617 1025 3672 9³.

367 3716 489 3788 Ὦλσσα
509 3713 570 3786 τὸν
591 3723 723 3808 Νεμέας
744 3716 827 3808 θῆρ’
846 3714 1002 3801 ἄπλετον,
1025 3714 1131 3788 ὤλεσα
1153 3717 1183 3786 δ’
1200 3715 1306 3810 ὕδρην

414 3834 471 3899 καὶ
490 3833 627 3920 ταῦρον,
648 3824 777 3921 κάπρον
799 3828 830 3898 δ’
848 3829 1058 3924 ἀμφετλναξα
1079 3836 1182 3919 μένον,

371 3940 509 4030 ζωοτῆρ’
529 3939 688 4022 λλκύσσας
709 3938 838 4022 πώλους
858 3940 1038 4031 Διομήδεος
1058 3942 1161 4011 εἷλον·

411 4049 536 4143 χρύσεα
557 4055 650 4142 μᾶλα
672 4050 796 4133 κλάσας
816 4050 989 4145 Γηρυόνην
1010 4056 1145 4142 ἔλαβον·
