3026 4816
535 480 825 532 ΔΙΟΣΚΟΡΙΔΟΥ
1149 479 1184 534 85

176 630 325 718 Σκίρτος
347 625 366 694 ὁ
389 633 627 718 πυρρογένειος·
651 623 890 720 ίκισσοφόρησε
912 621 976 717 γάρ
998 623 1086 717 ὡνήρ

221 736 300 823 άξια
324 740 496 809 Φλιασίων
517 742 575 807 ναὶ
595 743 644 828 μὰ
663 734 785 827 χορούς
806 735 983 828 Σατύρων,

175 851 258 940 κη’μί
279 846 340 918 τόν
363 857 399 918 ἐν
419 859 548 928 καινοῖς
569 853 804 939 τεθραμμένον
825 845 948 933 ἤθεσιν
969 844 1033 932 ἤδη

220 959 345 1050 ἤγαγεν
367 967 413 1040 είς
433 957 582 1048 μνήμην,
605 958 737 1050 πατρίδ’
764 959 984 1050 άναρχαίσας·

176 1077 233 1141 καί
254 1074 356 1141 πάλιν
379 1068 568 1161 εῖσιίρμησα
590 1068 649 1139 τόν
670 1065 795 1157 άρσενα
817 1072 937 1160 Δωρίδι
960 1067 1081 1166 Μούσῃ

219 1181 372 1273 ῥυθμόν,
394 1179 478 1272 πρός
498 1181 523 1249 τ’
550 1177 656 1263 αύδὴυ
677 1180 852 1270 ἑλκόμενος
872 1178 1021 1270 μεγάλην
1102 1172 1105 1177 ’

59 1337 87 1357 -.
176 1291 270 1363 εύαδέ
292 1318 352 1382 μοι
373 1289 512 1384 θύρσων
532 1289 633 1372 τύπος
653 1291 724 1360 *οὐ
742 1297 815 1382 χερὶ
836 1296 1095 1382 καινοτομηδείς

220 1407 261 1500 τῇ
282 1401 500 1498 φιλοκινδύυῳ
523 1405 677 1496 φροντίδι
698 1404 893 1473 Σωσιθέου.

623 1547 732 1612 XXIX.

182 1660 237 1745 Τῷ
258 1653 530 1747 κωμῳδογράφῳ,
552 1651 661 1747 κούφη
683 1652 769 1738 κόνι,
794 1652 855 1725 τόν
877 1655 1050 1751 φιλάγωνα

221 1763 337 1836 κισσόν
358 1766 438 1853 ὑπὲρ
460 1763 587 1854 τύμβου
608 1767 715 1846 ζῶντα
738 1766 884 1856 Μάχωνι
905 1775 1035 1862 φέροις·

111 1941 113 1946 ,
177 1879 218 1948 ού
238 1875 303 1968 γάρ
325 1880 406 1965 ίχεις
426 1879 562 1969 κηφῆνα
582 1880 828 1966 παλίμπλυτον,
851 1875 937 1947 ἀλλά
958 1905 991 1946 τι
1011 1883 1125 1967 τέχνης

222 1984 316 2072 άξιον
337 1985 478 2075 άρχοιίης
499 1990 662 2079 λείψανον
683 1987 860 2082 ημφίεσας.

176 2101 275 2172 τοῦτο
292 2101 326 2166 δὲ
341 2099 484 2188 πρέσβυς
498 2104 579 2187 ἐρεῖ·
601 2099 774 2185 Κέκροπος
791 2102 876 2182 πόλι,
891 2104 948 2169 καί
962 2095 1055 2190 παρά
1070 2103 1180 2188 Νείλῳ

221 2213 310 2279 ἔστιν
332 2206 375 2277 ὅτ’
402 2215 438 2275 έν
460 2205 617 2288 Μούσαις
639 2205 737 2300 δριμύ
761 2217 884 2304 πέφυκε
905 2209 1030 2300 θύμον.

613 2350 738 2415 *XXX

181 2454 253 2543 Τὴν
272 2465 405 2550 γοεραῖς
424 2453 615 2526 πυεύσασαν
636 2465 672 2526 ἐν
694 2457 844 2527 ὠδίνεσσι
864 2463 1048 2548 Λαμίσκην

219 2566 361 2652 ύστατα,
383 2573 569 2655 Νικαρέτης
590 2572 696 2637 παῖδα
717 2573 775 2638 καὶ
796 2568 988 2653 Εὐπόλιδος,

177 2676 238 2749 σύν
258 2682 415 2773 βρέφεσιν
436 2677 591 2768 διδύμοις,
613 2680 755 2768 Σαμίην
775 2689 877 2768 γένος,
899 2688 936 2750 αῖ
954 2679 1047 2773 παρά
1069 2687 1179 2772 Νείλῳ

55 2793 59 2802 “
220 2789 416 2881 κρύπτουσιν
437 2788 572 2878 Λιβύης
592 2789 686 2885 η’όνες
708 2797 872 2860 είκοσέτιν.

177 2897 264 2970 ἀλλά
284 2898 382 2993 κόραι
401 2905 441 2996 τῇ
462 2905 557 2971 παιδὶ
578 2901 697 2990 λεχωίϊα
719 2905 809 2992 δῶρα
831 2908 993 2996 φέρουσαι

220 3008 335 3105 θερμά
356 3010 442 3082 κατά
462 3015 592 3106 ψυχροῦ
613 3011 740 3104 δάκρυα
757 3024 844 3102 χεῖτε
866 3011 985 3108 τάφου.

604 3153 743 3220 *XXXL

173 3257 331 3352 Ἀρχέλεω
351 3287 392 3349 με
414 3261 570 3355 δάμαρτα
591 3264 812 3347 Πολυξείνην,
838 3266 1016 3334 Θεοδέκτου

219 3374 326 3440 παῖδα
346 3377 403 3443 καὶ
424 3378 634 3455 αίνοπαδούς
655 3379 765 3444 ἔννεπε
786 3377 987 3465 Δημαρέτης,

177 3478 280 3552 ὅσσον
301 3481 346 3552 ἐπ’
372 3483 486 3554 ὠδῖσιν
506 3489 725 3576 καὶμητέρα·
747 3487 854 3554 παῖδα
876 3489 910 3554 δὲ
931 3488 1059 3575 δαίμων

220 3597 374 3688 έφθασεν
395 3596 465 3666 οὐδ’
491 3595 599 3667 αύτιόν
620 3596 741 3667 είκοσιν
762 3597 889 3680 ηέλίων.

177 3703 435 3788 όκτωκαιδεκέτις
456 3707 486 3776 δ’
513 3706 597 3792 αύτη
618 3705 732 3777 θάνον
754 3704 829 3799 άρτι
849 3711 998 3791 τεκοῦσα,

220 3811 296 3908 άρτι
317 3820 351 3886 δὲ
373 3822 430 3886 καὶ
449 3815 579 3913 νύμφη,
600 3817 919 3910 παντολιγοχρόνιος.

178 3951 375 3964 -——-.

246 4011 346 4069 XXIX.
368 4010 424 4069 Pal.
442 4011 505 4082 Vll,
524 4017 583 4072 7⁰8.
608 4043 641 4055 -
670 4013 758 4071 XXX.
783 4011 919 4082 Pal.v11‚
939 4015 998 4070 166.
1018 4046 1049 4057 -
1077 4011 1173 4070 XXXI.
1283 4047 1287 4053 -

176 4091 232 4152 Pal.
245 4095 308 4167 Vll,
328 4100 387 4155 167.
406 4096 484 4156 Vae
502 4099 582 4157 πάντὕ
602 4099 784 4188 ὀλιγοχρόνιος.
