<?xml version="1.0" encoding="UTF-8"?>
<!DOCTYPE html PUBLIC "-//W3C//DTD XHTML 1.0 Transitional//EN"
    "http://www.w3.org/TR/xhtml1/DTD/xhtml1-transitional.dtd">
<html xmlns="http://www.w3.org/1999/xhtml" xml:lang="en" lang="en">
 <head>
  <title>
</title>
<meta http-equiv="Content-Type" content="text/html;charset=utf-8" />
  <meta name='ocr-system' content='tesseract 3.04.00' />
  <meta name='ocr-capabilities' content='ocr_page ocr_carea ocr_par ocr_line ocrx_word'/>
</head>
<body>
  <div class='ocr_page' id='page_1' title='image "./delectuspoetaru00meingoog_0125.png"; bbox 0 0 3026 4816; ppageno 0'>
   <div class='ocr_carea' id='block_1_1' title="bbox 370 465 1113 528">
    <p class='ocr_par' dir='ltr' id='par_1_1' title="bbox 370 465 1113 528">
     <span class='ocr_line' id='line_1_1' title="bbox 370 465 1113 528; baseline -0.001 -2"><span class='ocrx_word' id='word_1_1' title='bbox 370 473 422 528; x_wconf 87' lang='lat' dir='ltr'><strong>loo</strong></span> <span class='ocrx_word' id='word_1_2' title='bbox 636 465 901 527; x_wconf 77' lang='lat' dir='ltr'><strong>ADNOTA&#39;l&#39;lO</strong></span> <span class='ocrx_word' id='word_1_3' title='bbox 924 465 1113 526; x_wconf 84' lang='lat' dir='ltr'><strong>CRlTlCA.</strong></span> 
     </span>
    </p>
   </div>
   <div class='ocr_carea' id='block_1_2' title="bbox 368 618 1497 1044">
    <p class='ocr_par' dir='ltr' id='par_1_2' title="bbox 368 618 1497 1044">
     <span class='ocr_line' id='line_1_2' title="bbox 369 618 1382 709; baseline 0.001 -23"><span class='ocrx_word' id='word_1_4' title='bbox 369 628 463 709; x_wconf 92' lang='lat' dir='ltr'><strong>putat</strong></span> <span class='ocrx_word' id='word_1_5' title='bbox 474 621 498 685; x_wconf 85' lang='lat' dir='ltr'><strong>J</strong></span> <span class='ocrx_word' id='word_1_6' title='bbox 500 618 649 686; x_wconf 88' lang='lat' dir='ltr'><strong>acobsius</strong></span> <span class='ocrx_word' id='word_1_7' title='bbox 670 629 806 708; x_wconf 88' lang='lat' dir='ltr'><strong>propter</strong></span> <span class='ocrx_word' id='word_1_8' title='bbox 820 619 952 686; x_wconf 89' lang='lat' dir='ltr'><strong>arbores</strong></span> <span class='ocrx_word' id='word_1_9' title='bbox 974 618 1016 685; x_wconf 91' lang='lat' dir='ltr'><strong>ad</strong></span> <span class='ocrx_word' id='word_1_10' title='bbox 1033 619 1171 686; x_wconf 88' lang='lat' dir='ltr'><strong>fluminis</strong></span> <span class='ocrx_word' id='word_1_11' title='bbox 1185 622 1288 709; x_wconf 82' lang='lat' dir='ltr'><strong>ripam</strong></span> <span class='ocrx_word' id='word_1_12' title='bbox 1303 641 1382 687; x_wconf 90' lang='lat' dir='ltr'><strong>con-</strong></span> 
     </span>
     <span class='ocr_line' id='line_1_3' title="bbox 368 731 1381 818; baseline 0 -21"><span class='ocrx_word' id='word_1_13' title='bbox 368 735 445 798; x_wconf 85' lang='lat' dir='ltr'><strong>sitas</strong></span> <span class='ocrx_word' id='word_1_14' title='bbox 475 741 509 798; x_wconf 82' lang='lat' dir='ltr'><strong>et</strong></span> <span class='ocrx_word' id='word_1_15' title='bbox 537 732 577 798; x_wconf 93' lang='lat' dir='ltr'><strong>ab</strong></span> <span class='ocrx_word' id='word_1_16' title='bbox 608 734 676 797; x_wconf 92' lang='lat' dir='ltr'><strong>eius</strong></span> <span class='ocrx_word' id='word_1_17' title='bbox 706 754 786 818; x_wconf 91' lang='lat' dir='ltr'><strong>aqua</strong></span> <span class='ocrx_word' id='word_1_18' title='bbox 814 735 957 798; x_wconf 87' lang='lat' dir='ltr'><strong>nutritas.</strong></span> <span class='ocrx_word' id='word_1_19' title='bbox 1009 733 1082 796; x_wconf 92' lang='lat' dir='ltr'><strong>Hoc</strong></span> <span class='ocrx_word' id='word_1_20' title='bbox 1102 754 1213 797; x_wconf 86' lang='lat' dir='ltr'><strong>verum</strong></span> <span class='ocrx_word' id='word_1_21' title='bbox 1241 731 1381 810; x_wconf 87' lang='lat' dir='ltr'><strong>videtur,</strong></span> 
     </span>
     <span class='ocr_line' id='line_1_4' title="bbox 370 836 1497 933; baseline -0.003 -23"><span class='ocrx_word' id='word_1_22' title='bbox 370 865 558 931; x_wconf 89' lang='lat' dir='ltr'><strong>quamquam</strong></span> <span class='ocrx_word' id='word_1_23' title='bbox 579 847 685 932; x_wconf 87' lang='lat' dir='ltr'><strong>possis</strong></span> <span class='ocrx_word' id='word_1_24' title='bbox 708 847 802 909; x_wconf 89' lang='lat' dir='ltr'><strong>etiam</strong></span> <span class='ocrx_word' id='word_1_25' title='bbox 824 847 869 908; x_wconf 85' lang='lat' dir='ltr'><strong>ita</strong></span> <span class='ocrx_word' id='word_1_26' title='bbox 891 842 1104 933; x_wconf 84' lang='lat' dir='ltr'><strong>distinguere:</strong></span> <span class='ocrx_word' id='word_1_27' title='bbox 1132 843 1300 927; x_wconf 83' lang='grc' dir='ltr'><strong><em>ποταμοῦ,</em></strong></span> <span class='ocrx_word' id='word_1_28' title='bbox 1321 836 1380 907; x_wconf 82' lang='grc' dir='ltr'><strong>κό-</strong></span> <span class='ocrx_word' id='word_1_29' title='bbox 1496 859 1497 862; x_wconf 73' lang='grc'>’</span> 
     </span>
     <span class='ocr_line' id='line_1_5' title="bbox 369 923 1497 1044; baseline -0.002 -25"><span class='ocrx_word' id='word_1_30' title='bbox 369 978 435 1044; x_wconf 83' lang='grc' dir='ltr'><strong><em>(ιαι,</em></strong></span> <span class='ocrx_word' id='word_1_31' title='bbox 457 955 494 1020; x_wconf 77' lang='grc' dir='ltr'><strong><em>αἲ</em></strong></span> <span class='ocrx_word' id='word_1_32' title='bbox 515 950 595 1021; x_wconf 79' lang='grc' dir='ltr'><strong>τάδε</strong></span> <span class='ocrx_word' id='word_1_33' title='bbox 615 955 727 1039; x_wconf 77' lang='grc' dir='ltr'><strong><em>βένθη</em></strong></span> <span class='ocrx_word' id='word_1_34' title='bbox 744 963 805 1020; x_wconf 88' lang='lat' dir='ltr'><strong>etc.</strong></span> <span class='ocrx_word' id='word_1_35' title='bbox 828 965 863 1020; x_wconf 89' lang='lat' dir='ltr'><strong>ut</strong></span> <span class='ocrx_word' id='word_1_36' title='bbox 878 956 1032 1041; x_wconf 80' lang='grc' dir='ltr'><em>ποταμοῦ</em></span> <span class='ocrx_word' id='word_1_37' title='bbox 1053 953 1193 1042; x_wconf 82' lang='lat' dir='ltr'><strong>pendeat</strong></span> <span class='ocrx_word' id='word_1_38' title='bbox 1215 976 1234 1018; x_wconf 91' lang='lat' dir='ltr'><strong>a</strong></span> <span class='ocrx_word' id='word_1_39' title='bbox 1255 953 1379 1037; x_wconf 73' lang='grc' dir='ltr'><strong><em>βένθη.</em></strong></span> <span class='ocrx_word' id='word_1_40' title='bbox 1496 923 1497 952; x_wconf 38' lang='lat'>¹</span> 
     </span>
    </p>
   </div>
   <div class='ocr_carea' id='block_1_3' title="bbox 370 1061 1497 1154">
    <p class='ocr_par' dir='ltr' id='par_1_3' title="bbox 370 1061 1497 1154">
     <span class='ocr_line' id='line_1_6' title="bbox 370 1061 1497 1154; baseline -0.004 -22"><span class='ocrx_word' id='word_1_41' title='bbox 370 1061 484 1154; x_wconf 83' lang='grc' dir='ltr'><strong><em>Κόραν</em></strong></span> <span class='ocrx_word' id='word_1_42' title='bbox 512 1065 553 1133; x_wconf 91' lang='lat' dir='ltr'><strong>de</strong></span> <span class='ocrx_word' id='word_1_43' title='bbox 574 1065 735 1153; x_wconf 85' lang='lat' dir='ltr'><strong>Nymphis</strong></span> <span class='ocrx_word' id='word_1_44' title='bbox 764 1065 882 1131; x_wconf 85' lang='lat' dir='ltr'><strong>dictum</strong></span> <span class='ocrx_word' id='word_1_45' title='bbox 903 1065 1002 1131; x_wconf 91' lang='lat' dir='ltr'><strong>habes</strong></span> <span class='ocrx_word' id='word_1_46' title='bbox 1029 1065 1114 1153; x_wconf 94' lang='lat' dir='ltr'><strong>apud</strong></span> <span class='ocrx_word' id='word_1_47' title='bbox 1138 1064 1380 1131; x_wconf 88' lang='lat' dir='ltr'><strong>Theodoridam</strong></span> <span class='ocrx_word' id='word_1_48' title='bbox 1496 1075 1497 1078; x_wconf 76' lang='grc'>’</span> 
     </span>
    </p>
   </div>
   <div class='ocr_carea' id='block_1_4' title="bbox 370 1176 1379 1368">
    <p class='ocr_par' dir='ltr' id='par_1_4' title="bbox 370 1176 1379 1368">
     <span class='ocr_line' id='line_1_7' title="bbox 370 1176 1379 1266; baseline -0.001 -24"><span class='ocrx_word' id='word_1_49' title='bbox 370 1177 466 1242; x_wconf 88' lang='lat' dir='ltr'><strong>Anth.</strong></span> <span class='ocrx_word' id='word_1_50' title='bbox 489 1177 560 1245; x_wconf 87' lang='lat' dir='ltr'><strong>Pol.</strong></span> <span class='ocrx_word' id='word_1_51' title='bbox 578 1179 641 1259; x_wconf 88' lang='lat' dir='ltr'><strong>VI,</strong></span> <span class='ocrx_word' id='word_1_52' title='bbox 666 1181 730 1244; x_wconf 80' lang='lat'><strong>156</strong></span> <span class='ocrx_word' id='word_1_53' title='bbox 753 1188 786 1244; x_wconf 91' lang='lat' dir='ltr'><strong>et</strong></span> <span class='ocrx_word' id='word_1_54' title='bbox 807 1176 984 1244; x_wconf 83' lang='lat' dir='ltr'><strong>Leonidam</strong></span> <span class='ocrx_word' id='word_1_55' title='bbox 1007 1180 1082 1243; x_wconf 86' lang='lat' dir='ltr'><strong>Tar.</strong></span> <span class='ocrx_word' id='word_1_56' title='bbox 1105 1179 1216 1266; x_wconf 87' lang='lat' dir='ltr'><strong>Epigr.</strong></span> <span class='ocrx_word' id='word_1_57' title='bbox 1239 1176 1325 1254; x_wconf 88' lang='lat' dir='ltr'>LVI,</span> <span class='ocrx_word' id='word_1_58' title='bbox 1347 1179 1379 1241; x_wconf 84' lang='grc'><strong>4.</strong></span> 
     </span>
     <span class='ocr_line' id='line_1_8' title="bbox 371 1287 548 1368; baseline -0.006 -12"><span class='ocrx_word' id='word_1_59' title='bbox 371 1287 494 1368; x_wconf 87' lang='lat' dir='ltr'>CVIII,</span> <span class='ocrx_word' id='word_1_60' title='bbox 516 1291 548 1355; x_wconf 89' lang='grc'><strong>3.</strong></span> 
     </span>
    </p>
   </div>
   <div class='ocr_carea' id='block_1_5' title="bbox 641 1592 1113 1654">
    <p class='ocr_par' dir='ltr' id='par_1_5' title="bbox 641 1592 1113 1654">
     <span class='ocr_line' id='line_1_9' title="bbox 641 1592 1113 1654; baseline 0.002 -3"><span class='ocrx_word' id='word_1_61' title='bbox 641 1592 850 1654; x_wconf 59' lang='lat' dir='ltr'><strong>mmm</strong></span> <span class='ocrx_word' id='word_1_62' title='bbox 870 1593 1113 1654; x_wconf 70' lang='lat' dir='ltr'><strong>nummis,</strong></span> 
     </span>
    </p>
   </div>
   <div class='ocr_carea' id='block_1_6' title="bbox 371 1732 1380 2269">
    <p class='ocr_par' dir='ltr' id='par_1_6' title="bbox 371 1732 1380 2269">
     <span class='ocr_line' id='line_1_10' title="bbox 401 1732 1380 1824; baseline 0 -24"><span class='ocrx_word' id='word_1_63' title='bbox 401 1809 404 1816; x_wconf 18' lang='grc' dir='ltr'><strong>Δ</strong></span> <span class='ocrx_word' id='word_1_64' title='bbox 460 1736 513 1800; x_wconf 89' lang='lat' dir='ltr'><strong>De</strong></span> <span class='ocrx_word' id='word_1_65' title='bbox 528 1734 657 1800; x_wconf 88' lang='lat' dir='ltr'><strong>Simmia</strong></span> <span class='ocrx_word' id='word_1_66' title='bbox 672 1733 812 1815; x_wconf 86' lang='lat' dir='ltr'><strong>Rhodio,</strong></span> <span class='ocrx_word' id='word_1_67' title='bbox 834 1757 928 1822; x_wconf 90' lang='lat' dir='ltr'><strong>quem</strong></span> <span class='ocrx_word' id='word_1_68' title='bbox 942 1734 1110 1824; x_wconf 82' lang='lat' dir='ltr'><strong>Meleager</strong></span> <span class='ocrx_word' id='word_1_69' title='bbox 1125 1732 1278 1801; x_wconf 84' lang='lat' dir='ltr'><strong>Coronae</strong></span> <span class='ocrx_word' id='word_1_70' title='bbox 1301 1755 1380 1801; x_wconf 91' lang='lat' dir='ltr'><strong>suae</strong></span> 
     </span>
     <span class='ocr_line' id='line_1_11' title="bbox 371 1844 1380 1935; baseline -0.002 -22"><span class='ocrx_word' id='word_1_71' title='bbox 371 1851 561 1926; x_wconf 81' lang='lat' dir='ltr'><strong>inseruerat,</strong></span> <span class='ocrx_word' id='word_1_72' title='bbox 581 1869 613 1910; x_wconf 88' lang='lat' dir='ltr'><strong>v.</strong></span> <span class='ocrx_word' id='word_1_73' title='bbox 627 1846 772 1911; x_wconf 87' lang='lat' dir='ltr'><strong>Jacobsii</strong></span> <span class='ocrx_word' id='word_1_74' title='bbox 788 1844 892 1911; x_wconf 87' lang='lat' dir='ltr'><strong>Catal.</strong></span> <span class='ocrx_word' id='word_1_75' title='bbox 915 1857 1002 1935; x_wconf 91' lang='lat' dir='ltr'><strong>poet.</strong></span> <span class='ocrx_word' id='word_1_76' title='bbox 1018 1846 1115 1911; x_wconf 88' lang='lat' dir='ltr'><strong>Anth.</strong></span> <span class='ocrx_word' id='word_1_77' title='bbox 1137 1869 1169 1933; x_wconf 89' lang='lat' dir='ltr'><strong>p.</strong></span> <span class='ocrx_word' id='word_1_78' title='bbox 1185 1849 1262 1913; x_wconf 86' lang='lat'><strong>951.</strong></span> <span class='ocrx_word' id='word_1_79' title='bbox 1296 1848 1380 1935; x_wconf 84' lang='lat' dir='ltr'><strong>Eum</strong></span> 
     </span>
     <span class='ocr_line' id='line_1_12' title="bbox 372 1956 1379 2046; baseline -0.003 -21"><span class='ocrx_word' id='word_1_80' title='bbox 372 1967 522 2046; x_wconf 87' lang='lat' dir='ltr'><strong>quattuor</strong></span> <span class='ocrx_word' id='word_1_81' title='bbox 556 1956 831 2022; x_wconf 84' lang='lat' dir='ltr'><strong>miscellaneorum</strong></span> <span class='ocrx_word' id='word_1_82' title='bbox 866 1960 1037 2023; x_wconf 86' lang='lat' dir='ltr'><strong>carminum</strong></span> <span class='ocrx_word' id='word_1_83' title='bbox 1075 1958 1176 2024; x_wconf 88' lang='lat' dir='ltr'><strong>libros</strong></span> <span class='ocrx_word' id='word_1_84' title='bbox 1212 1958 1379 2044; x_wconf 84' lang='lat' dir='ltr'><strong>reliquisse</strong></span> 
     </span>
     <span class='ocr_line' id='line_1_13' title="bbox 373 2067 1380 2156; baseline 0 -22"><span class='ocrx_word' id='word_1_85' title='bbox 373 2078 484 2136; x_wconf 86' lang='lat' dir='ltr'><strong>auctor</strong></span> <span class='ocrx_word' id='word_1_86' title='bbox 508 2076 556 2133; x_wconf 89' lang='lat' dir='ltr'><strong>est</strong></span> <span class='ocrx_word' id='word_1_87' title='bbox 577 2067 702 2135; x_wconf 90' lang='lat' dir='ltr'><strong>Suidas.</strong></span> <span class='ocrx_word' id='word_1_88' title='bbox 748 2068 785 2134; x_wconf 91' lang='lat' dir='ltr'><strong>lu</strong></span> <span class='ocrx_word' id='word_1_89' title='bbox 807 2069 856 2134; x_wconf 91' lang='lat' dir='ltr'><strong>his</strong></span> <span class='ocrx_word' id='word_1_90' title='bbox 878 2070 939 2134; x_wconf 88' lang='lat' dir='ltr'><strong>fuit</strong></span> <span class='ocrx_word' id='word_1_91' title='bbox 965 2072 1060 2134; x_wconf 86' lang='lat' dir='ltr'><strong>etiam</strong></span> <span class='ocrx_word' id='word_1_92' title='bbox 1083 2068 1177 2156; x_wconf 88' lang='lat' dir='ltr'><strong>quod·</strong></span> <span class='ocrx_word' id='word_1_93' title='bbox 1194 2070 1310 2149; x_wconf 83' lang='grc' dir='ltr'><strong><em>Μῆνες</em></strong></span> <span class='ocrx_word' id='word_1_94' title='bbox 1331 2072 1380 2135; x_wconf 89' lang='lat' dir='ltr'><strong>in-</strong></span> 
     </span>
     <span class='ocr_line' id='line_1_14' title="bbox 372 2174 1379 2269; baseline -0.001 -23"><span class='ocrx_word' id='word_1_95' title='bbox 372 2184 556 2268; x_wconf 86' lang='lat' dir='ltr'><strong>scripserat,</strong></span> <span class='ocrx_word' id='word_1_96' title='bbox 586 2179 748 2247; x_wconf 91' lang='lat' dir='ltr'><strong>laudatum</strong></span> <span class='ocrx_word' id='word_1_97' title='bbox 776 2181 815 2246; x_wconf 91' lang='lat' dir='ltr'><strong>ab</strong></span> <span class='ocrx_word' id='word_1_98' title='bbox 847 2180 1011 2269; x_wconf 88' lang='lat' dir='ltr'><strong>Stephano</strong></span> <span class='ocrx_word' id='word_1_99' title='bbox 1040 2182 1121 2266; x_wconf 84' lang='lat' dir='ltr'><strong>Byr.</strong></span> <span class='ocrx_word' id='word_1_100' title='bbox 1150 2204 1181 2244; x_wconf 90' lang='lat' dir='ltr'><strong>v.</strong></span> <span class='ocrx_word' id='word_1_101' title='bbox 1206 2174 1379 2266; x_wconf 85' lang='grc' dir='ltr'><strong><em>Ἀμύκλαι.</em></strong></span> 
     </span>
    </p>
   </div>
   <div class='ocr_carea' id='block_1_7' title="bbox 372 2285 1379 2378">
    <p class='ocr_par' dir='ltr' id='par_1_7' title="bbox 372 2285 1379 2378">
     <span class='ocr_line' id='line_1_15' title="bbox 372 2285 1379 2378; baseline -0.002 -19"><span class='ocrx_word' id='word_1_102' title='bbox 372 2294 515 2359; x_wconf 82' lang='grc' dir='ltr'><strong><em>κλίνεται</em></strong></span> <span class='ocrx_word' id='word_1_103' title='bbox 544 2292 578 2357; x_wconf 85' lang='grc' dir='ltr'><strong>δὲ</strong></span> <span class='ocrx_word' id='word_1_104' title='bbox 600 2293 656 2357; x_wconf 89' lang='grc' dir='ltr'><strong><em>καὶ</em></strong></span> <span class='ocrx_word' id='word_1_105' title='bbox 674 2287 823 2378; x_wconf 82' lang='grc' dir='ltr'><strong><em>Ἀμύκλα</em></strong></span> <span class='ocrx_word' id='word_1_106' title='bbox 850 2286 889 2359; x_wconf 81' lang='grc' dir='ltr'><strong>τὸ</strong></span> <span class='ocrx_word' id='word_1_107' title='bbox 912 2285 1019 2377; x_wconf 80' lang='grc' dir='ltr'><strong><em>ὄνομα</em></strong></span> <span class='ocrx_word' id='word_1_108' title='bbox 1048 2293 1108 2357; x_wconf 84' lang='grc' dir='ltr'><strong>τοῦ</strong></span> <span class='ocrx_word' id='word_1_109' title='bbox 1129 2293 1301 2368; x_wconf 81' lang='grc' dir='ltr'><strong><em>κτίσαντος</em></strong></span> <span class='ocrx_word' id='word_1_110' title='bbox 1322 2293 1379 2357; x_wconf 87' lang='grc' dir='ltr'><strong><em>καὶ</em></strong></span> 
     </span>
    </p>
   </div>
   <div class='ocr_carea' id='block_1_8' title="bbox 369 2397 1497 2491">
    <p class='ocr_par' dir='ltr' id='par_1_8' title="bbox 369 2397 1497 2491">
     <span class='ocr_line' id='line_1_16' title="bbox 369 2397 1497 2491; baseline 0 -23"><span class='ocrx_word' id='word_1_111' title='bbox 369 2398 609 2491; x_wconf 84' lang='grc' dir='ltr'><strong><em>Ἀμύκλαντος,</em></strong></span> <span class='ocrx_word' id='word_1_112' title='bbox 637 2400 680 2480; x_wconf 83' lang='grc' dir='ltr'><strong>ὡς</strong></span> <span class='ocrx_word' id='word_1_113' title='bbox 701 2402 831 2486; x_wconf 84' lang='grc' dir='ltr'><strong><em>Σιμίας</em></strong></span> <span class='ocrx_word' id='word_1_114' title='bbox 858 2409 894 2469; x_wconf 81' lang='grc' dir='ltr'><strong>ἐν</strong></span> <span class='ocrx_word' id='word_1_115' title='bbox 919 2397 1034 2483; x_wconf 86' lang='grc' dir='ltr'><strong><em>Μησίν</em></strong></span> <span class='ocrx_word' id='word_1_116' title='bbox 1056 2398 1116 2468; x_wconf 84' lang='grc' dir='ltr'><strong>Ὅν</strong></span> <span class='ocrx_word' id='word_1_117' title='bbox 1137 2399 1169 2490; x_wconf 84' lang='grc' dir='ltr'><strong>ῥ’</strong></span> <span class='ocrx_word' id='word_1_118' title='bbox 1193 2397 1379 2488; x_wconf 87' lang='grc' dir='ltr'><strong><em>Ἀμύκλαν·</em></strong></span> <span class='ocrx_word' id='word_1_119' title='bbox 1496 2471 1497 2486; x_wconf 36' lang='grc'><strong><em>,</em></strong></span> 
     </span>
    </p>
   </div>
   <div class='ocr_carea' id='block_1_9' title="bbox 372 2507 1378 2929">
    <p class='ocr_par' dir='ltr' id='par_1_9' title="bbox 372 2507 1378 2606">
     <span class='ocr_line' id='line_1_17' title="bbox 372 2507 1378 2606; baseline -0.002 -26"><span class='ocrx_word' id='word_1_120' title='bbox 372 2538 430 2590; x_wconf 83' lang='grc' dir='ltr'><strong>τος</strong></span> <span class='ocrx_word' id='word_1_121' title='bbox 450 2507 569 2590; x_wconf 78' lang='grc' dir='ltr'><strong><em>παιδὸς</em></strong></span> <span class='ocrx_word' id='word_1_122' title='bbox 591 2511 830 2606; x_wconf 69' lang='grc' dir='ltr'><strong><em>ἀποφθιμένου</em></strong></span> <span class='ocrx_word' id='word_1_123' title='bbox 854 2517 932 2581; x_wconf 83' lang='grc' dir='ltr'><strong><em>λαοὶ</em></strong></span> <span class='ocrx_word' id='word_1_124' title='bbox 953 2508 1169 2594; x_wconf 87' lang='grc' dir='ltr'><strong><em>κικλήσκουσι.</em></strong></span> <span class='ocrx_word' id='word_1_125' title='bbox 1222 2514 1316 2599; x_wconf 86' lang='lat' dir='ltr'><strong>Quae</strong></span> <span class='ocrx_word' id='word_1_126' title='bbox 1340 2536 1378 2579; x_wconf 87' lang='lat' dir='ltr'><strong>ex</strong></span> 
     </span>
    </p>

    <p class='ocr_par' dir='ltr' id='par_1_10' title="bbox 373 2622 1362 2714">
     <span class='ocr_line' id='line_1_18' title="bbox 373 2622 1362 2714; baseline -0.004 -23"><span class='ocrx_word' id='word_1_127' title='bbox 373 2626 517 2714; x_wconf 87' lang='lat' dir='ltr'><strong>elegiaco</strong></span> <span class='ocrx_word' id='word_1_128' title='bbox 534 2630 673 2692; x_wconf 91' lang='lat' dir='ltr'><strong>carmine</strong></span> <span class='ocrx_word' id='word_1_129' title='bbox 687 2626 782 2692; x_wconf 88' lang='lat' dir='ltr'><strong>ducta</strong></span> <span class='ocrx_word' id='word_1_130' title='bbox 799 2629 890 2692; x_wconf 88' lang='lat' dir='ltr'><strong>etita</strong></span> <span class='ocrx_word' id='word_1_131' title='bbox 906 2624 1097 2713; x_wconf 85' lang='lat' dir='ltr'><strong>corrigenda</strong></span> <span class='ocrx_word' id='word_1_132' title='bbox 1112 2645 1182 2689; x_wconf 87' lang='lat' dir='ltr'><strong>esse</strong></span> <span class='ocrx_word' id='word_1_133' title='bbox 1198 2622 1362 2689; x_wconf 88' lang='lat' dir='ltr'><strong>videntur:</strong></span> 
     </span>
    </p>

    <p class='ocr_par' dir='ltr' id='par_1_11' title="bbox 383 2730 1288 2929">
     <span class='ocr_line' id='line_1_19' title="bbox 383 2730 1288 2827; baseline -0.001 -25"><span class='ocrx_word' id='word_1_134' title='bbox 383 2753 384 2758; x_wconf 75' lang='grc'>’</span> <span class='ocrx_word' id='word_1_135' title='bbox 455 2732 515 2803; x_wconf 78' lang='grc' dir='ltr'><strong>’Ὸν</strong></span> <span class='ocrx_word' id='word_1_136' title='bbox 536 2733 567 2824; x_wconf 85' lang='grc' dir='ltr'><strong>ῥ’</strong></span> <span class='ocrx_word' id='word_1_137' title='bbox 592 2733 641 2802; x_wconf 86' lang='grc' dir='ltr'><strong>αἰπ</strong></span> <span class='ocrx_word' id='word_1_138' title='bbox 659 2733 883 2824; x_wconf 81' lang='grc' dir='ltr'><strong><em>Ἀμύκλαντος</em></strong></span> <span class='ocrx_word' id='word_1_139' title='bbox 903 2730 1023 2813; x_wconf 83' lang='grc' dir='ltr'><strong><em>παιδὸς</em></strong></span> <span class='ocrx_word' id='word_1_140' title='bbox 1049 2733 1288 2827; x_wconf 76' lang='grc' dir='ltr'><strong><em>ἀποφθιμένου</em></strong></span> 
     </span>
     <span class='ocr_line' id='line_1_20' title="bbox 459 2846 816 2929; baseline -0.006 -14"><span class='ocrx_word' id='word_1_141' title='bbox 459 2849 555 2915; x_wconf 81' lang='grc' dir='ltr'><strong><em>Λαοὶ</em></strong></span> <span class='ocrx_word' id='word_1_142' title='bbox 580 2846 816 2929; x_wconf 83' lang='grc' dir='ltr'><strong><em>κικλήσκουσιν.</em></strong></span> 
     </span>
    </p>
   </div>
   <div class='ocr_carea' id='block_1_10' title="bbox 371 2958 1497 3050">
    <p class='ocr_par' dir='ltr' id='par_1_12' title="bbox 371 2958 1497 3050">
     <span class='ocr_line' id='line_1_21' title="bbox 371 2958 1497 3050; baseline -0.003 -23"><span class='ocrx_word' id='word_1_143' title='bbox 371 2963 450 3050; x_wconf 82' lang='lat' dir='ltr'><strong>Agit</strong></span> <span class='ocrx_word' id='word_1_144' title='bbox 473 2963 591 3045; x_wconf 89' lang='lat' dir='ltr'><strong>opinor</strong></span> <span class='ocrx_word' id='word_1_145' title='bbox 615 2959 655 3024; x_wconf 91' lang='lat' dir='ltr'><strong>de</strong></span> <span class='ocrx_word' id='word_1_146' title='bbox 670 2961 863 3048; x_wconf 82' lang='lat' dir='ltr'><strong>Hyacintho,</strong></span> <span class='ocrx_word' id='word_1_147' title='bbox 885 2958 1041 3046; x_wconf 78' lang='lat' dir='ltr'><strong>Amyclae</strong></span> <span class='ocrx_word' id='word_1_148' title='bbox 1062 2959 1141 3040; x_wconf 87' lang='lat' dir='ltr'><strong>filio,</strong></span> <span class='ocrx_word' id='word_1_149' title='bbox 1163 2981 1183 3023; x_wconf 92' lang='lat' dir='ltr'><strong>a</strong></span> <span class='ocrx_word' id='word_1_150' title='bbox 1205 2979 1268 3045; x_wconf 93' lang='lat' dir='ltr'><strong>quo</strong></span> <span class='ocrx_word' id='word_1_151' title='bbox 1291 2979 1379 3024; x_wconf 85' lang='lat' dir='ltr'><strong>men·</strong></span> <span class='ocrx_word' id='word_1_152' title='bbox 1496 3031 1497 3038; x_wconf 16' lang='lat'>¹</span> 
     </span>
    </p>
   </div>
   <div class='ocr_carea' id='block_1_11' title="bbox 372 3070 1379 3494">
    <p class='ocr_par' dir='ltr' id='par_1_13' title="bbox 372 3070 1379 3494">
     <span class='ocr_line' id='line_1_22' title="bbox 372 3070 1379 3157; baseline -0.003 -19"><span class='ocrx_word' id='word_1_153' title='bbox 372 3095 439 3138; x_wconf 88' lang='lat' dir='ltr'><strong>sem</strong></span> <span class='ocrx_word' id='word_1_154' title='bbox 461 3072 689 3157; x_wconf 83' lang='lat' dir='ltr'><strong>Hyacinthium</strong></span> <span class='ocrx_word' id='word_1_155' title='bbox 712 3071 948 3138; x_wconf 90' lang='lat' dir='ltr'><strong>denominatum</strong></span> <span class='ocrx_word' id='word_1_156' title='bbox 971 3072 1056 3137; x_wconf 85' lang='lat' dir='ltr'><strong>dicit.</strong></span> <span class='ocrx_word' id='word_1_157' title='bbox 1093 3072 1146 3137; x_wconf 85' lang='lat' dir='ltr'><strong>De</strong></span> <span class='ocrx_word' id='word_1_158' title='bbox 1168 3073 1282 3135; x_wconf 88' lang='lat' dir='ltr'><strong>ceteris</strong></span> <span class='ocrx_word' id='word_1_159' title='bbox 1297 3070 1379 3137; x_wconf 86' lang='lat' dir='ltr'><strong>Sim-</strong></span> 
     </span>
     <span class='ocr_line' id='line_1_23' title="bbox 372 3182 1377 3270; baseline -0.003 -21"><span class='ocrx_word' id='word_1_160' title='bbox 372 3186 454 3249; x_wconf 90' lang='lat' dir='ltr'><strong>miae</strong></span> <span class='ocrx_word' id='word_1_161' title='bbox 483 3182 676 3248; x_wconf 89' lang='lat' dir='ltr'><strong>carminibus</strong></span> <span class='ocrx_word' id='word_1_162' title='bbox 705 3182 769 3248; x_wconf 91' lang='lat' dir='ltr'><strong>alio</strong></span> <span class='ocrx_word' id='word_1_163' title='bbox 791 3183 866 3248; x_wconf 92' lang='lat' dir='ltr'><strong>loco</strong></span> <span class='ocrx_word' id='word_1_164' title='bbox 892 3183 1109 3270; x_wconf 82' lang='lat' dir='ltr'><strong>explicabitur.</strong></span> <span class='ocrx_word' id='word_1_165' title='bbox 1159 3182 1212 3247; x_wconf 89' lang='lat' dir='ltr'><strong>De</strong></span> <span class='ocrx_word' id='word_1_166' title='bbox 1238 3183 1377 3248; x_wconf 90' lang='lat' dir='ltr'><strong>nominis</strong></span> 
     </span>
     <span class='ocr_line' id='line_1_24' title="bbox 372 3292 1376 3384; baseline -0.005 -22"><span class='ocrx_word' id='word_1_167' title='bbox 372 3298 542 3382; x_wconf 88' lang='lat' dir='ltr'><strong>scriptura,</strong></span> <span class='ocrx_word' id='word_1_168' title='bbox 569 3292 724 3381; x_wconf 80' lang='grc' dir='ltr'><strong><em>Σιμμίας</em></strong></span> <span class='ocrx_word' id='word_1_169' title='bbox 751 3294 804 3360; x_wconf 90' lang='lat' dir='ltr'><strong>vel</strong></span> <span class='ocrx_word' id='word_1_170' title='bbox 832 3295 975 3382; x_wconf 82' lang='grc' dir='ltr'><strong><em>Σιμίας,</em></strong></span> <span class='ocrx_word' id='word_1_171' title='bbox 1004 3294 1067 3361; x_wconf 82' lang='lat' dir='ltr'><strong>dirri</strong></span> <span class='ocrx_word' id='word_1_172' title='bbox 1095 3296 1221 3384; x_wconf 85' lang='lat' dir='ltr'><strong>Fragm.</strong></span> <span class='ocrx_word' id='word_1_173' title='bbox 1252 3292 1376 3359; x_wconf 89' lang='lat' dir='ltr'><strong>Comic.</strong></span> 
     </span>
     <span class='ocr_line' id='line_1_25' title="bbox 372 3409 1062 3494; baseline -0.006 -20"><span class='ocrx_word' id='word_1_174' title='bbox 372 3409 433 3488; x_wconf 89' lang='lat'>111,</span> <span class='ocrx_word' id='word_1_175' title='bbox 455 3432 486 3494; x_wconf 93' lang='lat' dir='ltr'><strong>p.</strong></span> <span class='ocrx_word' id='word_1_176' title='bbox 510 3409 585 3473; x_wconf 73' lang='lat'><strong>549.</strong></span> <span class='ocrx_word' id='word_1_177' title='bbox 1058 3421 1062 3430; x_wconf 84' lang='lat'><em>·</em></span> 
     </span>
    </p>
   </div>
   <div class='ocr_carea' id='block_1_12' title="bbox 460 3513 1497 3626">
    <p class='ocr_par' dir='ltr' id='par_1_14' title="bbox 460 3513 1497 3626">
     <span class='ocr_line' id='line_1_26' title="bbox 460 3513 1497 3626; baseline -0.002 -42"><span class='ocrx_word' id='word_1_178' title='bbox 460 3519 485 3584; x_wconf 88' lang='lat' dir='ltr'><strong>l.</strong></span> <span class='ocrx_word' id='word_1_179' title='bbox 522 3519 619 3582; x_wconf 65' lang='lat' dir='ltr'><strong>vsa</strong></span> <span class='ocrx_word' id='word_1_180' title='bbox 641 3516 683 3583; x_wconf 93' lang='lat' dir='ltr'><strong>ad</strong></span> <span class='ocrx_word' id='word_1_181' title='bbox 705 3513 798 3585; x_wconf 84' lang='grc' dir='ltr'><strong><em>δοιὸν</em></strong></span> <span class='ocrx_word' id='word_1_182' title='bbox 819 3519 1013 3586; x_wconf 89' lang='lat' dir='ltr'><strong>subaudiunt</strong></span> <span class='ocrx_word' id='word_1_183' title='bbox 1033 3521 1146 3606; x_wconf 83' lang='grc' dir='ltr'><strong><em>κέρας,</em></strong></span> <span class='ocrx_word' id='word_1_184' title='bbox 1169 3517 1211 3583; x_wconf 89' lang='lat' dir='ltr'><strong>de</strong></span> <span class='ocrx_word' id='word_1_185' title='bbox 1234 3538 1299 3604; x_wconf 91' lang='lat' dir='ltr'><strong>quo</strong></span> <span class='ocrx_word' id='word_1_186' title='bbox 1321 3539 1377 3606; x_wconf 84' lang='lat' dir='ltr'><strong>ge·</strong></span> <span class='ocrx_word' id='word_1_187' title='bbox 1495 3603 1497 3626; x_wconf 16' lang='grc' dir='ltr'>γ</span> 
     </span>
    </p>
   </div>
   <div class='ocr_carea' id='block_1_13' title="bbox 284 3627 1377 4169">
    <p class='ocr_par' dir='ltr' id='par_1_15' title="bbox 284 3627 1377 4169">
     <span class='ocr_line' id='line_1_27' title="bbox 373 3627 1377 3720; baseline -0.003 -23"><span class='ocrx_word' id='word_1_188' title='bbox 373 3653 451 3698; x_wconf 87' lang='lat' dir='ltr'><strong>nere</strong></span> <span class='ocrx_word' id='word_1_189' title='bbox 475 3630 802 3718; x_wconf 88' lang='lat' dir='ltr'><strong>ellipsiosJacobsius</strong></span> <span class='ocrx_word' id='word_1_190' title='bbox 821 3643 903 3697; x_wconf 88' lang='lat' dir='ltr'><strong>etse</strong></span> <span class='ocrx_word' id='word_1_191' title='bbox 926 3633 1030 3720; x_wconf 91' lang='lat' dir='ltr'><strong>egisse</strong></span> <span class='ocrx_word' id='word_1_192' title='bbox 1053 3627 1130 3694; x_wconf 90' lang='lat' dir='ltr'><strong>dicit</strong></span> <span class='ocrx_word' id='word_1_193' title='bbox 1144 3628 1312 3695; x_wconf 88' lang='lat' dir='ltr'><strong>Animadv.</strong></span> <span class='ocrx_word' id='word_1_194' title='bbox 1335 3629 1377 3694; x_wconf 92' lang='lat' dir='ltr'><strong>ad</strong></span> 
     </span>
     <span class='ocr_line' id='line_1_28' title="bbox 284 3740 1377 3830; baseline -0.004 -21"><span class='ocrx_word' id='word_1_195' title='bbox 284 3779 290 3791; x_wconf 88' lang='lat'><strong>·</strong></span> <span class='ocrx_word' id='word_1_196' title='bbox 371 3742 514 3809; x_wconf 89' lang='lat' dir='ltr'><strong>Bruncki</strong></span> <span class='ocrx_word' id='word_1_197' title='bbox 536 3741 628 3806; x_wconf 90' lang='lat' dir='ltr'><strong>Anal.</strong></span> <span class='ocrx_word' id='word_1_198' title='bbox 644 3743 732 3821; x_wconf 92' lang='lat' dir='ltr'><strong>llI,l</strong></span> <span class='ocrx_word' id='word_1_199' title='bbox 757 3768 788 3830; x_wconf 90' lang='lat' dir='ltr'><strong>p.</strong></span> <span class='ocrx_word' id='word_1_200' title='bbox 805 3745 870 3808; x_wconf 74' lang='lat'><strong>400</strong></span> <span class='ocrx_word' id='word_1_201' title='bbox 892 3753 925 3808; x_wconf 85' lang='lat' dir='ltr'><strong>et</strong></span> <span class='ocrx_word' id='word_1_202' title='bbox 942 3741 1147 3808; x_wconf 86' lang='lat' dir='ltr'><strong>Schaeferum</strong></span> <span class='ocrx_word' id='word_1_203' title='bbox 1169 3740 1211 3807; x_wconf 90' lang='lat' dir='ltr'><strong>ad</strong></span> <span class='ocrx_word' id='word_1_204' title='bbox 1232 3743 1269 3806; x_wconf 90' lang='lat' dir='ltr'><strong>L.</strong></span> <span class='ocrx_word' id='word_1_205' title='bbox 1285 3743 1377 3807; x_wconf 89' lang='lat' dir='ltr'><strong>Bosii</strong></span> 
     </span>
     <span class='ocr_line' id='line_1_29' title="bbox 372 3851 1376 3942; baseline -0.003 -22"><span class='ocrx_word' id='word_1_206' title='bbox 372 3854 435 3920; x_wconf 86' lang='grc' dir='ltr'><strong>ΕΗ.</strong></span> <span class='ocrx_word' id='word_1_207' title='bbox 457 3878 489 3942; x_wconf 89' lang='lat' dir='ltr'><strong>p.</strong></span> <span class='ocrx_word' id='word_1_208' title='bbox 504 3855 580 3920; x_wconf 80' lang='lat'><strong>217.</strong></span> <span class='ocrx_word' id='word_1_209' title='bbox 615 3853 680 3919; x_wconf 91' lang='lat' dir='ltr'><strong>Sed</strong></span> <span class='ocrx_word' id='word_1_210' title='bbox 702 3857 736 3919; x_wconf 93' lang='lat' dir='ltr'><strong>iu</strong></span> <span class='ocrx_word' id='word_1_211' title='bbox 758 3855 808 3919; x_wconf 85' lang='lat' dir='ltr'><strong>his</strong></span> <span class='ocrx_word' id='word_1_212' title='bbox 830 3855 909 3919; x_wconf 92' lang='lat' dir='ltr'><strong>nihil</strong></span> <span class='ocrx_word' id='word_1_213' title='bbox 926 3857 1052 3942; x_wconf 89' lang='lat' dir='ltr'><strong>reperio</strong></span> <span class='ocrx_word' id='word_1_214' title='bbox 1069 3851 1158 3940; x_wconf 89' lang='lat' dir='ltr'><strong>quod</strong></span> <span class='ocrx_word' id='word_1_215' title='bbox 1172 3863 1284 3919; x_wconf 88' lang='lat' dir='ltr'><strong>nostro</strong></span> <span class='ocrx_word' id='word_1_216' title='bbox 1299 3851 1376 3918; x_wconf 90' lang='lat' dir='ltr'><strong>loco</strong></span> 
     </span>
     <span class='ocr_line' id='line_1_30' title="bbox 372 3963 1376 4054; baseline -0.004 -22"><span class='ocrx_word' id='word_1_217' title='bbox 372 3965 474 4032; x_wconf 91' lang='lat' dir='ltr'><strong>simile</strong></span> <span class='ocrx_word' id='word_1_218' title='bbox 496 3969 545 4031; x_wconf 90' lang='lat' dir='ltr'><strong>sit.</strong></span> <span class='ocrx_word' id='word_1_219' title='bbox 590 3966 702 4054; x_wconf 90' lang='lat' dir='ltr'><strong>ltaque</strong></span> <span class='ocrx_word' id='word_1_220' title='bbox 723 3965 829 4032; x_wconf 89' lang='lat' dir='ltr'><strong>locum</strong></span> <span class='ocrx_word' id='word_1_221' title='bbox 852 3965 893 4033; x_wconf 94' lang='lat' dir='ltr'><strong>de</strong></span> <span class='ocrx_word' id='word_1_222' title='bbox 915 3967 1033 4033; x_wconf 90' lang='lat' dir='ltr'><strong>mendo</strong></span> <span class='ocrx_word' id='word_1_223' title='bbox 1056 3976 1238 4052; x_wconf 88' lang='lat' dir='ltr'><strong>suspectum</strong></span> <span class='ocrx_word' id='word_1_224' title='bbox 1259 3963 1376 4029; x_wconf 91' lang='lat' dir='ltr'><strong>habeo.</strong></span> 
     </span>
     <span class='ocr_line' id='line_1_31' title="bbox 371 4071 1316 4169; baseline -0.002 -27"><span class='ocrx_word' id='word_1_225' title='bbox 371 4076 468 4164; x_wconf 86' lang='lat' dir='ltr'><strong>Apud</strong></span> <span class='ocrx_word' id='word_1_226' title='bbox 489 4076 620 4143; x_wconf 91' lang='lat' dir='ltr'><strong>Suidam</strong></span> <span class='ocrx_word' id='word_1_227' title='bbox 640 4102 671 4142; x_wconf 90' lang='lat' dir='ltr'><strong>v.</strong></span> <span class='ocrx_word' id='word_1_228' title='bbox 693 4076 805 4158; x_wconf 80' lang='grc' dir='ltr'><strong><em>’ίξαλος</em></strong></span> <span class='ocrx_word' id='word_1_229' title='bbox 826 4078 945 4169; x_wconf 84' lang='lat' dir='ltr'><strong>legitru</strong></span> <span class='ocrx_word' id='word_1_230' title='bbox 967 4079 1070 4146; x_wconf 83' lang='grc' dir='ltr'><strong><em>δυσίν.</em></strong></span> <span class='ocrx_word' id='word_1_231' title='bbox 1115 4075 1205 4142; x_wconf 83' lang='lat' dir='ltr'><strong>Plau.</strong></span> <span class='ocrx_word' id='word_1_232' title='bbox 1228 4071 1316 4143; x_wconf 83' lang='grc' dir='ltr'><strong><em>δοιώ.</em></strong></span> 
     </span>
    </p>
   </div>
   <div class='ocr_carea' id='block_1_14' title="bbox 0 0 1518 4816">
    <p class='ocr_par' dir='ltr' id='par_1_16' title="bbox 0 0 1518 4816">
     <span class='ocr_line' id='line_1_32' title="bbox 0 0 1518 4816; baseline 0 0"><span class='ocrx_word' id='word_1_233' title='bbox 0 0 1518 4816; x_wconf 95' lang='lat' dir='ltr'><strong> </strong></span> 
     </span>
    </p>
   </div>
  </div>
 </body>
</html>
