3026 4816
321 451 374 508 138
586 446 846 505 annonario
871 445 1058 506 carrica.

321 608 452 667 tuemnt
473 601 667 666 Phoeniciae
689 623 707 665 a
729 601 834 679 Doro,
855 600 1001 686 Neptuni
1022 598 1108 680 filio,
1129 600 1214 664 Dori
1235 598 1326 665 urbis

322 712 500 778 conditore.
545 713 587 777 V.
617 712 768 799 Stephon.
791 712 872 799 Byr.
902 735 932 776 v.
954 713 1076 798 Δῶρος.
1120 710 1165 776 At
1189 711 1326 778 fortasse

191 887 194 896 ,
321 820 434 891 Λώτου
454 823 666 904 scribendum,
688 832 724 889 ut
744 823 916 910 Nymphae
939 821 1175 911 compellentur
1190 825 1327 890 Thessa·

320 935 411 1002 lirae.
456 937 498 1002 V.
526 937 678 1023 Stephan.
705 936 787 1022 Byr.
808 959 839 1001 v.
861 930 995 1002 Δώτιον.
1038 936 1141 1001 vsa
1170 935 1242 1002 cod
1267 940 1326 1001 ἑπ-

322 1042 504 1134 εσσόμεναι.

606 1267 772 1326 mous
794 1266 1037 1328 melus.

409 1389 433 1454 Ι.
462 1389 520 1453 Vs.
536 1389 557 1453 4
573 1387 645 1453 cod.
661 1389 850 1474 scripturam
864 1391 901 1452 ἐν
916 1380 1102 1475 προμάχοις
1115 1383 1252 1477 ἱδρύσας
1265 1383 1325 1469 δή·

323 1510 376 1564 ‘cor
398 1495 560 1584 ἀμπεδίον
586 1496 693 1564 multis
721 1499 824 1564 modis
853 1501 1015 1587 corrigere
1038 1501 1145 1564 conati
1171 1508 1246 1564 sunt
1268 1502 1326 1564 cri-

321 1613 385 1676 tici.
429 1610 520 1676 Alios
543 1622 578 1677 ut
599 1613 726 1690 mittam,
748 1610 928 1676 Brunckius
952 1610 1053 1677 edidit
1073 1607 1166 1678 tuvo’
1185 1615 1222 1675 tv
1242 1633 1326 1696 προ-

320 1717 440 1808 μάχοις
461 1718 565 1803 δήϊον.
598 1722 771 1788 Jacobsins
786 1725 921 1788 tentavit
939 1727 975 1788 ἐν
988 1718 1210 1810 προμάχοισιν
1223 1717 1321 1786 ἐ’θνσ

321 1832 482 1921 ἀμπεδίον
504 1829 613 1915 δήϊον,
642 1836 730 1900 etin
757 1832 840 1901 Add.
867 1858 900 1922 p.
921 1836 995 1901 XLI
1020 1827 1116 1915 δήϊον
1137 1838 1173 1899 ὲν
1193 1828 1326 1921 προμά-

317 1970 391 2032 χοις
412 1947 553 2036 ἕθρισας
574 1943 744 2033 ἀμπιδίον.
778 1946 936 2033 Equidem
950 1966 1067 2012 vereor
1088 1921 1130 2011 ne
1147 1943 1234 2011 aliud
1249 1944 1326 2031 quid

321 2058 436 2124 dixerit
456 2068 556 2147 poeta
577 2080 670 2146 quam
690 2061 753 2124 viri
774 2057 863 2124 docti
884 2061 1092 2146 suspicantur.
1127 2059 1266 2123 Primum
1287 2055 1326 2121 il-

320 2170 379 2237 lud
400 2192 468 2237 non
490 2170 628 2238 dubitari
649 2180 766 2258 potest,
788 2173 864 2258 quin
886 2171 1008 2236 hastam
1029 2179 1129 2258 poeta
1149 2172 1253 2256 ipsam
1276 2168 1326 2235 lo-

236 2306 238 2310 ·
321 2294 469 2371 quentem
492 2293 525 2349 ct
547 2281 588 2347 ad
610 2305 656 2363 ee,
678 2305 759 2371 quae
781 2287 947 2370 superiore
969 2282 1105 2348 disticho
1126 2283 1326 2369 interrogata

247 2467 248 2470 χ
322 2405 398 2475 erat,
418 2395 665 2484 respondentem
688 2395 856 2462 induxerit.
889 2396 999 2483 Itaque
1021 2396 1204 2482 necessario
1219 2395 1326 2481 requi-

320 2511 401 2574 ritur
414 2511 514 2595 prima
529 2527 681 2593 persona3
701 2529 807 2594 neque
822 2529 892 2573 eam
908 2510 1093 2573 coniectura
1108 2505 1227 2572 inferre
1242 2526 1325 2592 opus

322 2629 385 2699 est,
415 2619 473 2685 sed
501 2619 653 2684 habemus
675 2622 710 2684 in
732 2614 842 2700 δήϊον,
872 2618 999 2707 dequo
1022 2619 1123 2685 verbo
1146 2617 1221 2683 vide
1244 2638 1325 2704 quae

321 2752 418 2818 supra
446 2730 487 2796 ad
508 2730 645 2796 Leonid.
669 2733 743 2797 Tar.
765 2732 896 2812 LXXX,
919 2733 940 2797 4
968 2730 1158 2796 dictasunt.
1203 2729 1277 2794 Hoc
1298 2731 1326 2794 si

321 2866 431 2909 verum
462 2851 524 2923 est,
553 2846 760 2930 consequitur
780 2845 815 2908 in
837 2838 972 2931 ἱδρύσας
996 2842 1097 2909 latere
1119 2841 1245 2908 hostilis
1267 2860 1327 2927 po-

321 2953 391 3044 puli
413 2975 539 3034 nomen,
561 2964 673 3021 contra
695 2954 789 3042 quem
803 2957 931 3022 Meuius
949 2963 1158 3044 pugnaverat
1192 2956 1224 3020 ls
1245 2974 1326 3018 vero

321 3070 381 3133 vixi
397 3065 476 3131 alius
500 3089 570 3132 esse
592 3077 702 3156 potest
724 3090 817 3155 quam
839 3066 980 3155 populus
1002 3066 1214 3153 Odrysarum.
1265 3065 1328 3130 lta-

322 3201 384 3268 que
405 3178 607 3244 scribendum
629 3183 665 3245 ὲν
686 3174 870 3267 προμάχοις
889 3174 1086 3266 Ὀδρύσας
1109 3177 1204 3260 δήϊον
1222 3173 1328 3264 ἀμπι-

322 3291 404 3357 δίον.
432 3290 576 3356 Meuium
590 3301 696 3357 autem
712 3290 801 3357 illum
812 3289 961 3378 Philippi,
975 3292 1131 3364 Demetrii
1144 3289 1213 3369 filii,
1228 3289 1327 3355 fuisse

254 3479 257 3490 Ι
322 3401 453 3468 militem
475 3405 636 3489 suspicor,
660 3405 749 3468 cuius
772 3402 813 3468 de
835 3401 975 3490 Odrysis
997 3405 1163 3469 victoriam
1186 3400 1328 3467 celebrat

263 3493 266 3500 ι
320 3525 418 3603 poeta
447 3536 626 3602 anonymus
649 3515 745 3581 Anth.
767 3515 857 3582 Plan.
880 3515 967 3602 apud
987 3513 1174 3581 Jacobsium
1199 3511 1265 3580 vol.
1288 3513 1327 3592 11,

321 3649 395 3716 pag.
417 3628 497 3692 626:

366 3739 508 3805 Etooota
528 3733 572 3805 cd
593 3735 729 3830 λάφυρα
750 3733 836 3804 κατὰ
857 3741 1008 3827 θρασέος
1029 3731 1186 3825 Κιροάδα

410 3853 467 3917 καὶ
487 3854 608 3918 τέκνων
628 3853 685 3918 καὶ
706 3845 788 3928 ὅλας
808 3850 871 3934 γᾶς
892 3846 983 3915 ἔθετ’
1005 3846 1196 3937 Ὀδρυσίδος

367 3956 438 4042 vide
459 3963 617 4050 ἐϋμμελία
640 3963 847 4050 Δαματρίου·
870 3957 893 4026 ἁ
916 3961 950 4028 δὲ
976 3961 1143 4030 Φιλίππου

412 4070 493 4156 δόξα
516 4070 621 4141 πάλαι
643 4075 748 4142 θείων
770 4067 846 4161 ἄγχι
867 4073 988 4159 βέβακε
1010 4067 1156 4162 θρόνων.

1496 3606 1505 3644 t
