3026 4816
413 471 674 532 ADNOTATIO
698 472 886 534 cumea
1102 479 1154 534 101

234 627 274 692 11.
313 625 391 691 Sine
414 628 556 692 auctoris
579 628 709 692 nomine
730 626 827 694 hahet
848 628 950 717 Diog.
973 629 1078 694 Laert.
1099 627 1155 708 111,

142 741 201 806 43.
245 739 298 804 De
321 738 480 804 Aristoole
503 738 648 803 Platonis
676 742 808 804 nomine
835 763 866 803 v.
894 738 1017 805 Comio.
1046 761 1153 829 graec.

140 851 213 916 vol.
228 851 251 930 1,
273 873 305 938 p.
322 852 397 916 288.
437 852 532 914 vso
555 849 723 937 Diogenes
745 843 871 916 ἐνθάδε
886 843 927 932 δὴ
948 858 1052 916 κεῖται
1073 851 1153 929 διας.

140 963 199 1028 De
223 971 337 1048 quarto
359 982 454 1026 versu
476 985 507 1026 v.
529 961 727 1027 Jacobsium.

235 1073 290 1137 111.
335 1073 484 1137 Simmiae
521 1094 562 1137 an
591 1071 764 1138 Simonidis
799 1074 841 1138 sit
868 1075 1024 1138 incertum
1051 1071 1155 1138 videri

141 1187 251 1272 possit
271 1194 407 1271 propter
429 1183 630 1272 epigraphen
652 1182 718 1248 Pal.
740 1183 944 1270 Σιμωνίδου,
966 1188 997 1250 οἱ
1014 1185 1048 1248 δὲ
1062 1182 1155 1270 Σιμ

139 1297 225 1381 μίαν
248 1301 293 1372 είς
313 1291 430 1382 Γοργώ
452 1317 526 1360 τινα
551 1289 927 1383 κόρηντελευτήσασαν.
979 1294 1061 1359 Mihi
1086 1316 1155 1361 non

141 1406 278 1471 dubium
301 1405 436 1486 videtur,
458 1409 541 1492 quin¹
555 1417 642 1472 neoto
657 1405 738 1472 illud
752 1391 933 1471 Brunohius
950 1406 990 1471 ad
1006 1407 1153 1471 Simmiae

141 1539 275 1584 carmen
298 1517 430 1606 Gorgos
452 1521 625 1582 memoriae
648 1516 826 1582 dedicatum
849 1521 1064 1597 romanens,
1087 1517 1155 1582 lau-

141 1629 225 1695 dato
255 1629 422 1694 Athenaeo
451 1630 496 1707 X,
524 1652 556 1715 p.
579 1630 642 1694 491
673 1650 699 1692 c.
727 1630 785 1694 καί
811 1626 966 1714 Σιμμίας
994 1626 1024 1694 δ’
1050 1635 1086 1696 ἐν
1114 1629 1154 1720 τῇ

140 1741 274 1825 Γοργοῖ
295 1760 399 1830 φησιν
419 1739 590 1827 ,Λίθέρος
605 1735 716 1804 ὠκεῖαι
731 1734 895 1824 πρόπολοι
915 1741 1074 1807 πίλναντο
1095 1763 1153 1806 πε-

141 1852 259 1918 λειαί.“
297 1849 453 1916 Simonidi
477 1848 645 1937 adscripsit
667 1849 864 1916 Schneidew.
888 1851 1008 1918 Simon.
1032 1877 1062 1939 p.
1077 1853 1158 1928 87„
1262 1874 1264 1880 ·

236 1963 293 2026 VI.
339 1962 522 2051 Epigraphe
545 1960 616 2027 cod.
639 1961 675 2026 P.
697 1960 851 2047 Σιμμίου
876 1962 1037 2048 Θηβαίου.
1085 1963 1153 2048 Qui

141 2061 243 2161 vep‘or
270 2096 312 2139 ne
339 2072 463 2137 librarii
493 2094 584 2138 error
611 2075 654 2137 sit
689 2094 727 2137 ex
756 2094 1028 2162 eorumgenere,
1065 2072 1152 2161 quod

142 2185 232 2251 haud
253 2186 439 2271 infrequens
462 2193 511 2250 est
532 2186 567 2249 in
588 2183 744 2249 lemmatis
767 2185 838 2251 eod.
854 2184 999 2250 Palatini.
1036 2186 1084 2250 lta
1099 2185 1152 2264 lx,

142 2300 213 2364 332
249 2297 348 2362 habes
379 2295 548 2371 Νοσσίδος
574 2295 728 2379 Λεσβίας
763 2305 795 2361 et
816 2297 895 2377 VII,
924 2299 989 2362 492
1014 2290 1153 2378 Ἀνύτης

144 2409 388 2488 Μιτυληναίας.
427 2405 589 2493 Quicquid
612 2416 669 2486 est,
692 2415 811 2472 temere
833 2407 1013 2474 Brunchius
1036 2415 1069 2472 et
1089 2405 1153 2471 hoe

145 2530 181 2586 et
203 2541 341 2605 sequens
369 2540 494 2583 carmen
516 2517 680 2596 Simmiae,
710 2519 852 2585 Socratis
875 2517 1049 2606 discipulo,
1077 2521 1152 2583 assi-

143 2633 266 2720 gnavit.
299 2632 357 2696 Vs.
375 2632 394 2695 l
417 2633 568 2694 revocavi
582 2629 650 2695 Pal.
666 2629 838 2695 lectionem
851 2629 1039 2720 Σοφίλλου.
1060 2628 1150 2694 Plan.

144 2741 316 2834 Σοφίλου.
361 2744 403 2807 V.
428 2740 551 2807 Comic.
574 2763 680 2830 graec„
703 2740 769 2808 vol.
791 2743 821 2822 1,
843 2765 876 2829 p.
899 2743 973 2807 425.

549 2949 749 2960 *-

376 3145 708 3206 mammons
731 3143 919 3206 sunum.

234 3301 259 3363 Ι.
295 3299 389 3362 vso
411 3298 591 3365 Bruuckius
614 3293 700 3365 ἀλλὰ
716 3295 765 3379 σύ,
786 3305 856 3365 παῖ.
890 3300 1056 3365 Revocavi
1078 3297 1150 3363 cod.

145 3409 329 3489 lectionem,
351 3408 439 3496 quod
461 3409 538 3475 fecit
560 3412 653 3476 etiam
669 3411 850 3490 omousius,
872 3410 929 3477 sed
951 3413 994 3476 ita
1015 3419 1052 3476 ut
1067 3417 1151 3487 παῖς

145 3541 208 3608 pro
230 3523 380 3586 vocativo
409 3526 577 3609 acciperet.
629 3522 710 3587 Mihi
738 3534 818 3601 παῖς
842 3545 861 3587 a
882 3518 1053 3608 Κύπριδος
1074 3542 1151 3607 pen-

146 3630 226 3697 dere
247 3629 391 3709 videtur;
418 3635 526 3721 itaque
548 3637 698 3700 coniunxi
720 3630 806 3700 ἆλλδι
829 3628 871 3700 σὺ
891 3641 979 3710 παῖς.

241 3744 279 3808 11.
325 3743 409 3813 Cod.
443 3742 688 3827 Ἀσκληπιάδου
722 3740 744 3826 ἢ
772 3747 995 3812 Ποσιδίππου.
1048 3745 1151 3809 Vsa

147 3855 327 3922 Brunokius
358 3860 497 3923 coniecit
526 3854 709 3947 ἀργυρίων.
753 3859 856 3924 Vsa
885 3856 1023 3922 dubitan·
1044 3864 1152 3941 potest

41 4037 42 4042 .
147 3977 252 4033 utrum
275 3963 462 4058 φιλάγλαον
491 3972 609 4034 rectius
632 3992 702 4034 cum
719 3961 848 4056 Ἔρωτα
875 3990 917 4033 an
939 3989 1009 4031 eum
1027 3963 1151 4053 Ἑρμῆν

148 4080 304 4168 iungatur.
