3016 4808
441 457 631 510 ΛΕΩΝῙΔΛ
654 461 927 509 ΤΑΡΑΝΤΙΝΟΥ
1149 457 1186 512 29

177 605 264 694 κάμί
284 599 346 673 τὸν
366 601 517 695 ὑληωρὸν
538 601 606 673 άπὸ
630 613 791 694 κρημνοῖο
812 601 943 693 βόασον

224 721 347 786 Πᾶνα·
370 713 557 807 σνναγρεάω
579 719 636 784 καί
656 720 732 785 κνσὶ
752 719 809 784 καὶ
829 712 1001 806 καλάμοις.

626 864 745 930 XVIII.

178 971 423 1054 Γλενκοπόταις
444 970 633 1064 Σατάροισι
653 976 711 1041 καὶ
732 971 983 1067 άμπελοφιίτορι
1007 969 1125 1062 Βάκχῳ

221 1085 379 1176 Ἡρῶναξ
399 1080 530 1176 πρώτης
551 1080 727 1175 δράγματα
749 1087 919 1176 φυταλιῆς,

179 1198 324 1288 τρισσῶν
346 1199 524 1265 οίνοπέδων
545 1191 700 1287 τρισσούς
720 1193 879 1285 ἱεράσατο
901 1193 1026 1278 τούσδε,

226 1304 395 1396 ἐμπλήσας
417 1306 509 1375 οίνον
529 1304 766 1398 πρωτοχάτοιο,
787 1305 923 1386 κάδους·

180 1413 229 1488 ὦν
249 1418 344 1507 ἡμεῖς
365 1420 557 1497 σπείσαντες
579 1414 661 1486 ὅσον
682 1421 783 1505 θίμις
804 1418 913 1488 οίνοπι
932 1416 1056 1508 Βάκχῳ

225 1535 283 1600 καὶ
303 1527 475 1621 Σατύροις
495 1526 663 1620 Σατύρων
684 1533 822 1600 πλείονα
842 1527 1003 1620 πιόμεθα.

640 1678 725 1746 XIX.

185 1789 227 1856 Οί
247 1793 378 1880 τρισσοί
398 1813 452 1856 τοι
472 1790 579 1856 ταῦτα
599 1784 643 1855 τὰ
665 1790 780 1856 δίκτυα
800 1791 917 1872 θῆκαν
937 1784 1083 1876 ὅμαιμοι,

226 1897 357 1990 άγρότα
377 1896 468 1981 Πάν,
490 1895 593 1982 ἄλλης
614 1895 714 1979 άλλος
735 1897 788 1966 ἀπ’
813 1899 983 1992 άγρεσίης·

181 2002 230 2080 ὧν
250 2014 311 2099 μὲν
333 2007 400 2078 ἀπὸ
421 2015 555 2094 πτηνῶν
576 2014 708 2099 Πίγρης
729 2008 823 2092 τάδε,
844 2011 955 2079 ταῦτα
972 2012 1007 2079 δὲ
1028 2012 1134 2099 Δάμις

224 2118 450 2213 τετραπόδων,
472 2124 622 2213 Κλείτωρ
644 2120 675 2190 δ’
702 2120 722 2190 ὁ
743 2125 852 2212 τρίτος
874 2125 1032 2191 είναλίων.

181 2232 261 2303 ἀνθ’
287 2226 333 2302 ὧν
354 2236 402 2320 τῷ
421 2237 482 2322 μὲν
502 2238 608 2322 πίμπε
630 2231 668 2301 δι’
693 2231 790 2325 ἠέρος
811 2229 967 2322 εὔστοχον
988 2228 1103 2325 άγρην,

225 2346 273 2432 τῷ
294 2347 329 2414 δὲ
351 2341 407 2412 διά
429 2347 569 2436 δρυμῶν,
589 2348 637 2430 τῷ
658 2347 693 2412 δὲ
715 2343 752 2413 δι’
776 2342 909 2428 ἡίόνων.

646 2495 706 2558 XX

173 2604 257 2686 -Ίῑῆς
276 2603 374 2685 πέζης
395 2598 438 2670 τά
459 2606 519 2691 μὲν
541 2596 627 2694 άκρα
649 2599 692 2670 τά
714 2600 804 2685 δεξιά
824 2608 919 2695 μέχρι
939 2605 1125 2687 παλαιστῆς

225 2717 283 2783 καὶ
304 2716 481 2803 σπιθαμῆς
502 2711 602 2797 οὕλης
623 2716 761 2783 Βίττιον
783 2711 969 2805 είργάσατο,

179 2821 315 2915 θάτερα
337 2824 368 2894 δ’
391 2823 601 2917 ’Λντιάνειρα
621 2823 849 2918 προσήρμοσε,
870 2821 930 2894 τδν
951 2829 986 2894 δὲ
1006 2824 1129 2915 μεταξά

226 2940 429 3028 Μαίανδρον
449 2941 506 3005 καὶ
526 2933 587 3017 τάς
606 2931 815 3028 παρθενικάς
834 2938 944 3020 Βιτίη.

180 3052 306 3140 κουράν
325 3051 483 3132 καλλίστη
506 3044 583 3128 Διὸς
598 3043 749 3140 Ἄρτεμι,
774 3049 872 3118 τοῦτο
895 3045 934 3119 τὸ
955 3052 1046 3138 νῆμα

224 3155 309 3251 πρὸς
328 3162 438 3251 ψυχῆς
458 3163 572 3244 θείης,
592 3156 654 3244 την
676 3157 873 3250 τριπόνητον
893 3165 970 3251 ίριν.

639 3309 723 3375 xxl.

186 3413 272 3498 Τοὺς
293 3415 437 3510 θυρεοὺς
458 3417 478 3488 ὁ
501 3414 683 3498 Μολοσσὸς
700 3417 838 3487 Ἰτωνίδι
860 3422 967 3510 δῶρον
985 3417 1124 3510 Ἀθάνα

225 3527 362 3622 Πύρρος
382 3524 450 3598 άπὸ
474 3533 631 3622 θρασέων
652 3535 829 3621 ἐκρέμασεν
850 3533 1018 3614 Γαλατᾶν,

180 3638 291 3710 πάντα
300 3637 560 3729 τὸνἉντιγόνον
569 3638 725 3711 καθελάν
735 3641 889 3734 στρατόν·
904 3643 944 3712 οὐ
952 3649 1038 3734 μέγα
1048 3645 1181 3733 θαῦμα·

225 3758 382 3842 αἰχμηταὶ
402 3757 459 3823 καὶ
480 3756 541 3823 νῦν
561 3758 619 3823 καί
639 3751 746 3846 πάρος
767 3757 936 3825 Λίακίδαι.

249 4001 347 4062 XVIII.
365 4001 420 4059 Pal.
433 4001 484 4071 Vl,
502 4003 544 4057 44.
568 3999 646 4060 Vm
662 4003 780 4076 Ἡράναὲ
798 4035 830 4048 ·-
853 4000 927 4060 XIX.
945 4000 1002 4060 Pal.
1014 3999 1066 4068 Vl,
1086 4003 1127 4059 13.
1145 4031 1181 4045 -

180 4087 241 4146 XX.
260 4087 316 4146 Pal.
328 4087 375 4156 VI,
392 4091 453 4148 286.
471 4119 507 4132 -
523 4087 598 4148 XXI.
616 4089 672 4147 Pal.
685 4088 732 4159 VI,
751 4091 810 4148 130.
