3026 4816
299 448 352 504 ree
567 443 829 503 annorurro
851 405 1041 505 carrion

298 596 387 662 illum
411 616 481 662 esse
495 595 699 663 Bacehonem
721 600 777 684 qni
799 620 904 686 nuper
925 602 1092 686 quinquies
1108 599 1195 665 illem
1211 599 1304 668 deos

297 707 421 775 eulatus
443 717 500 774 est.
546 707 599 774 Ad
620 713 716 775 πέντε
738 711 850 775 confer
871 709 1093 777 Philodemum
1114 712 1212 780 Anth.
1234 713 1301 779 Pal.

297 820 356 901 XI,
378 822 423 886 30
445 816 463 887 ὁ
486 821 565 909 πρίν
586 813 649 905 ἐγώ
670 822 727 887 καὶ
747 825 842 887 πέντε
863 823 921 888 καὶ
942 826 1051 903 ἐννέα,
1080 825 1154 902 νῦν,
1176 821 1304 914 Ἀφρο-

297 933 379 1012 δίτη,
402 937 436 997 ἕν
457 925 553 1019 μόλις
574 935 609 996 ίκ
630 926 761 1020 πρώτης
781 927 898 1011 υυκτδς
919 938 952 1012 ἐς
973 931 1095 1014 ἠέλιον.
1136 935 1185 1000 Ita
1209 939 1302 1001 etiam

297 1033 343 1108 ὧν
364 1045 511 1130 sequenti
524 1063 622 1109 versu
641 1041 740 1108 habet
755 1065 818 1131 qno
834 1045 999 1125 referatur,
1022 1044 1109 1132 quod
1131 1046 1173 1112 ad
1195 1056 1302 1113 scorta

297 1155 445 1242 profecto
464 1155 578 1220 releni
593 1175 661 1220 non
676 1165 794 1242 potest.
830 1154 898 1223 Cfr.
913 1159 1041 1223 Marcus
1056 1157 1191 1246 Argent.
1207 1159 1301 1224 Anth.

296 1266 364 1333 Pal.
381 1268 423 1347 V,
440 1268 505 1332 128
526 1261 569 1331 τά
591 1262 692 1331 λοιπά
714 1266 795 1353 σιγῶ
815 1262 942 1356 μάρτυς
963 1265 1011 1358 ἐφ’
1036 1264 1087 1346 οἷς
1107 1263 1225 1356 λςἠρνος
1245 1274 1302 1336 ἑπ-

296 1372 469 1469 τγράφετο.
525 1377 731 1443 Philodemus
759 1379 801 1457 V,
827 1379 848 1443 4
884 1373 925 1446 σύ
959 1377 990 1444 δ’
1023 1369 1050 1445 ὦ
1086 1375 1302 1471 φιλεράστρια

295 1491 399 1570 κοίτη,
421 1483 486 1570 ἤδη
509 1491 569 1569 τῆς
590 1483 733 1580 Παφίης
754 1486 831 1555 ἴσθι
851 1483 894 1555 τά
915 1485 1103 1576 λειπόμενα.

383 1601 516 1666 XXVII.
554 1602 611 1666 Vs.
634 1603 655 1666 5
684 1623 790 1687 neque
811 1596 949 1685 δεσμούς
974 1624 1044 1666 cum
1068 1605 1212 1688 Toupio,
1241 1623 1303 1668 nec

296 1707 463 1799 πλόχμους
485 1735 555 1779 cum
577 1711 711 1778 Reiskio
734 1710 809 1777 addi
831 1721 955 1800 potest3
984 1724 1131 1779 neutrum
1154 1717 1238 1780 enim
1259 1713 1301 1780 de

297 1824 427 1890 corollis
451 1823 515 1890 diei
536 1825 685 1890 usitatum
708 1834 784 1889 erat.
818 1823 934 1911 Neque
955 1827 1086 1889 omnino
1103 1846 1183 1912 opus
1199 1835 1248 1890 est
1260 1824 1301 1890 ad

296 1935 448 2020 ῥοδίνους
470 1934 544 2001 eddi
558 1935 803 2011 substantivum
827 1937 982 2002 omittitur
996 1930 1188 2025 στεφάνους.
1220 1938 1302 2002 Ver-

297 2068 351 2112 sus
373 2050 417 2111 ita
432 2050 540 2133 potius
555 2047 731 2136 explendus
745 2045 886 2112 videtur:
907 2046 1060 2134 ῥοδίνους
1076 2045 1110 2128 ἓξ
1123 2043 1301 2134 πρόσλαβ.

298 2159 441 2244 ἐπείγου,
468 2161 525 2225 καὶ
552 2161 728 2248 Τρυφίραν
748 2163 870 2244 ταχέως
891 2162 927 2224 ἐν
947 2153 1085 2246 παρόδῳ
1107 2154 1256 2226 κάλεσον.

384 2272 532 2336 XXVIII.
572 2269 656 2338 cod.
680 2270 746 2336 Pal.
767 2264 1011 2349 Ἀσκληπιάδου
1032 2262 1055 2350 ἢ
1077 2271 1300 2337 Ποσιδίππου.

297 2384 391 2448 Vel
414 2382 513 2447 verba
535 2385 644 2448 ἵππων
664 2380 740 2467 άρτι
763 2385 1023 2473 φρυασσομίνων
1043 2391 1132 2446 recte
1150 2381 1302 2469 explicuit

296 2493 482 2572 Jacobsius3
511 2496 634 2559 necin
662 2495 838 2579 ίσπτρινῶν
858 2493 987 2559 haereo.
1040 2490 1301 2559 Consentaneum

298 2609 382 2670 enirn
405 2616 473 2671 erat
494 2603 676 2672 huiusmodi
698 2605 879 2684 certamina,
901 2603 1006 2691 qualia
1027 2613 1127 2691 poeta
1142 2604 1301 2684 descrIbit,

297 2727 393 2782 nocte
416 2721 584 2806 ingruente
606 2727 736 2804 pernota
758 2736 837 2780 esse.

385 2832 482 2896 XXX.
522 2832 616 2895 ves
639 2823 773 2910 θήκατο
796 2827 986 2893 Brunolrius.
1031 2826 1116 2894 Cod.
1140 2828 1228 2909 θῆκέ
1249 2850 1300 2913 με.

298 2940 398 3028 Quod
421 2945 540 3008 servari
562 2951 679 3037 potest,
702 2942 730 3005 si
751 2942 835 3006 vs.3
857 2939 978 3005 scribas
995 2935 1188 3029 κάντίχαριν
1204 2934 1301 3006 Μού-

298 3075 381 3132 σαις.

384 3167 498 3231 XXXI.
526 3167 579 3232 De
594 3174 726 3231 auctore
741 3163 833 3230 huius
848 3165 994 3228 carminis
1010 3161 1181 3229 dubitatur.
1209 3161 1300 3228 Plan.
1341 3207 1346 3217 .

294 3271 538 3357 Ἀσκληπιάδου
566 3280 598 3342 οὶ
620 3277 655 3343 δὲ
676 3276 899 3341 Ποσιδίππου.

384 3390 514 3454 XXXII.
552 3386 636 3454 Cod.
655 3383 907 3468 Ἀσκληπιάδου,
929 3387 1014 3464 τινὲς
1028 3387 1063 3453 δὲ
1082 3380 1302 3472 Ἀντιπάτρου

301 3502 572 3577 Θεσσαλονικέως.
606 3501 665 3564 Vs.
683 3501 701 3563 l
725 3497 809 3566 cod.
832 3493 994 3585 άμτθάσῳ
1016 3508 1052 3564 ut
1065 3499 1118 3578 IX,
1134 3499 1199 3563 748
1217 3481 1302 3562 aliis-

296 3634 358 3700 que
393 3613 484 3678 locis.
532 3610 601 3679 cfr.
629 3610 865 3698 Wyttenbaeh.
894 3610 935 3676 nd
963 3609 1123 3677 Plutarch.
1157 3609 1198 3674 de
1226 3607 1300 3674 aud.

296 3735 384 3812 poet.
406 3748 437 3811 p.
456 3725 528 3790 174.
564 3725 689 3789 Forsan
710 3717 892 3807 ἀμεθύσσῳ
913 3722 1115 3788 scribendum
1138 3720 1188 3785 cll.
1203 3719 1302 3785 Arca-

297 3837 353 3902 dio
375 3860 406 3923 p.
424 3837 474 3914 78,
491 3837 521 3900 2.
552 3837 611 3900 Vs.
627 3837 648 3899 4
671 3833 743 3899 cod.
758 3829 984 3916 Κλεοπάτρης-
1018 3831 1106 3899 Male
1120 3830 1301 3897 Brunekius

296 3943 528 4033 Κλεωπάτρης.
582 3947 682 4032 Quod
705 3968 806 4032 aeque
828 3948 978 4012 vitiosum
1002 3967 1039 4011 an
1060 3939 1246 4021 Κλεάκικος
1266 3945 1301 4007 in

297 4060 464 4146 Antipatro
488 4059 583 4124 Anth.
606 4056 673 4123 Pal.
689 4059 740 4138 IX,
761 4060 836 4124 217.
872 4052 1084 4145 Κλειοπάτρη
1107 4055 1185 4122 dixit
1206 4057 1302 4122 etiem

298 4181 396 4258 poeta
419 4172 513 4238 hoth.
536 4171 603 4237 Pal.
627 4172 658 4250 1,
679 4195 710 4258 p.
733 4171 785 4237 58.
