3028 4826
521 469 841 533 conlucremur.
1130 476 1184 532 235

180 625 232 706 Xl,
254 626 319 690 297
343 626 402 690 νῦν
424 621 454 690 δ’
472 626 528 691 ide
548 631 621 691 πῖνε
642 619 728 711 ὕδωρ
750 625 808 690 καὶ
822 617 925 690 natiso
948 623 1025 712 (leg.
1040 627 1184 707 παῦσον)

182 737 288 828 δίψαν
309 739 377 802 ἑοῖο
406 736 489 825 (leg.
512 739 607 818 ἑεῖο).
652 735 718 802 Sed
746 738 773 800 is
795 737 910 800 novitii
938 744 1056 822 poetae
1077 736 1183 802 foetus

183 857 239 913 est.
291 847 400 934 ltaque
428 847 534 912 malim
561 842 621 913 τόν
647 841 721 912 ποκ’
740 839 795 932 ἄρ’
813 840 911 934 ὕδωρ.
962 846 1077 934 Neque
1105 847 1185 913 baec
1224 851 1231 858 '

181 958 337 1046 particula
358 980 416 1024 sua
436 962 471 1023 vi
493 967 589 1024 caret.
626 956 696 1025 cfr.
719 956 858 1021 Tbeocr.
872 955 990 1037 xv111,
1014 961 1031 1023 1
1055 960 1090 1024 lv
1111 953 1182 1024 ποκ’

182 1063 249 1157 άριι
271 1063 422 1158 Σπάρτᾳ
443 1063 640 1157 ξανθότριχι
659 1062 728 1154 πὰρ
751 1063 923 1152 Μενελάῳ.
967 1071 1063 1136 Justo
1090 1069 1185 1135 auda-

183 1184 249 1245 cius
277 1180 540 1246 Schneidewinus
568 1181 693 1268 Fragm.
722 1179 842 1245 Simon.
871 1201 903 1265 p.
929 1181 995 1245 211
1025 1180 1186 1246 scribebat

181 1286 242 1358 τόν
268 1314 356 1357 ποκα
382 1291 484 1376 νᾶμα.
539 1291 576 1356 ln
610 1291 739 1356 alterius
766 1290 918 1356 versiculi
948 1296 1087 1358 numeris
1116 1314 1185 1358 non

182 1401 346 1468 haererem
361 1401 514 1489 equidem,
534 1405 562 1467 si
575 1424 685 1468 versus
704 1410 789 1467 esset
802 1401 1005 1468 catalecticus
1019 1406 1088 1468 sive
1103 1404 1185 1490 ithy-

182 1513 348 1599 phallicus.
392 1515 489 1579 Nune
509 1513 661 1580 iambicos
682 1516 811 1600 requiro
833 1534 993 1579 numeros.
1038 1514 1185 1580 Scriben-

183 1624 257 1690 dum
279 1627 376 1713 igitur
397 1626 523 1716 ἔθρεψε
545 1620 713 1714 Πειρήνης
734 1621 935 1716 (Πειράνας)
957 1617 1034 1692 dno.

469 1934 662 1986 anonymus
680 1934 739 1986 rar.
752 1934 833 2002 xrn,
852 1930 896 1985 13.

232 2042 335 2113 Τόνδε
356 2043 453 2134 πυρῆ’
472 2042 619 2126 ἀνέθηκε
640 2041 885 2131 Πολυμνήστου
906 2047 1005 2138 φίλος
1025 2041 1103 2124 υἱός,

272 2153 446 2242 εὐξάμενος
467 2152 607 2237 δεκάτην
628 2152 787 2222 Παλλάδι
813 2160 1008 2246 Τριτογενεῖ.

314 2264 531 2345 Κυδωνιάτυς
552 2268 696 2354 Κριοίοις
717 2263 909 2354 εἰργάσατο·

184 2405 358 2470 Permirum
381 2414 429 2467 est
451 2411 484 2466 et
506 2411 617 2467 contra
631 2422 752 2466 morem
768 2405 1112 2492 epigrammatariorum
1128 2402 1185 2468 do-

184 2524 329 2579 natorem
358 2535 425 2579 non
453 2535 514 2579 suo
542 2513 600 2579 sed
628 2515 726 2600 patris
747 2517 878 2580 nomine
900 2514 1064 2602 appellari.
1114 2517 1186 2580 Nee

183 2630 287 2691 minus
310 2625 516 2691 dubitationis
539 2625 634 2691 affert
653 2624 735 2690 illud
750 2628 871 2713 πυρῆοι,
893 2626 981 2714 quod
1002 2625 1187 2715 intelligunt

183 2741 245 2802 viri
267 2737 355 2803 docti
377 2736 417 2802 de
439 2735 596 2813 turibulo;
620 2746 652 2802 at
673 2739 725 2801 vix
747 2736 900 2804 credibile
923 2738 1005 2802 banc
1026 2737 1186 2828 significa-

184 2851 305 2915 tionem
326 2870 465 2936 unquam
486 2846 567 2913 illud
589 2848 780 2914 vocabulum
802 2848 959 2915 babuisse.
1003 2849 1185 2936 Hesychius

184 2960 325 3047 quidem,
354 2962 408 3047 qui
436 2981 518 3024 unus
541 2963 680 3026 omnium
709 2962 791 3025 hanc
815 2982 928 3026 vocem
952 2970 1185 3041 commemorat,

183 3077 305 3159 πυρέας
335 3069 471 3159 explicat
498 3093 556 3158 per
582 3067 808 3159 πυρπολήτας,
836 3073 1074 3161 ἑμιιυριοῢντας
1100 3071 1184 3161 (leg.

75 3245 81 3258 ,
184 3185 423 3270 ὲμιιυροῦντας)
444 3175 506 3263 τὴν
527 3179 633 3249 πόλιν.
655 3177 722 3249 ἀπὸ
736 3187 796 3263 τῆς
809 3177 928 3270 πυροὺς
943 3179 1089 3261 εὐθείας.
1125 3186 1186 3250 Ac-

184 3294 270 3359 cedit
290 3294 377 3381 quod
398 3293 481 3360 illud
502 3292 600 3383 ιτυρῆ’
623 3297 752 3361 nonnisi
774 3315 812 3359 er
834 3293 980 3360 Salmasii
1003 3299 1186 3361 coniectura

184 3416 347 3493 receptum
374 3416 431 3471 est.
477 3405 562 3474 Cod.
592 3405 658 3472 Pal.
687 3409 769 3478 enim
798 3407 904 3494 πυρῆς
924 3406 1031 3472 babet.
1075 3407 1200 3472 Veris'
1273 3455 1275 3460 -

184 3519 271 3596 sime,
293 3521 321 3582 si
342 3538 460 3584 nomen
482 3520 647 3606 proprium
671 3540 740 3583 esse
761 3527 889 3584 statuas.
923 3519 1030 3585 Notus
1053 3527 1101 3583 est
1123 3519 1186 3605 Py-

183 3649 235 3692 res
257 3628 435 3695 lonicorum
458 3631 684 3696 cantilenarum
706 3641 813 3718 poeta,
834 3617 954 3719 genere
968 3630 1121 3710 Milesius,
1144 3630 1185 3695 de

184 3761 249 3825 quo
272 3739 337 3805 dixi
358 3744 392 3806 in
415 3746 681 3808 commentatione
704 3741 745 3806 dc
768 3740 951 3806 Alexandro
969 3741 1089 3808 Aetolo
1112 3765 1186 3830 pro-

183 3851 310 3937 pediem
332 3853 452 3939 publici
474 3856 550 3918 iuris
571 3853 727 3919 facienda.
763 3854 894 3919 Interim
914 3876 945 3918 v.
968 3854 1082 3918 Athen.
1100 3855 1186 3934 XIV,

184 3986 215 4049 p.
239 3965 319 4044 620,
342 3988 368 4030 e.
419 3966 528 4030 Versu
555 3968 651 4029 tertio
684 3967 809 4052 (neque
837 3967 921 4030 enim
948 3964 1085 4031 solutam
1115 3987 1185 4030 esse

184 4077 364 4142 orationem
386 4077 558 4144 verborum
583 4076 754 4142 collocatio
778 4077 932 4159 ostendit)
954 4099 1015 4164 pro
1035 4077 1186 4165 Κρισίιις,
