3028 4826
519 455 836 516 coursscrrurr.
1124 457 1176 514 221

219 605 364 694 Αὐγείας
386 588 509 693 ἐδάμη·
530 602 630 693 κεμάς
652 605 691 676 οὐ
714 602 832 698 φύγεν·
854 609 990 674 ἔκτανον
1012 601 1117 696 ὅρνις·

263 721 435 810 Κέρβερον
456 715 646 807 ἠγαγόμην·
669 713 768 796 αὐτὸς
784 714 952 806 Ὄλυμπον
973 720 1042 805 ίγω.
1148 735 1149 738 ’

175 856 222 921 Ita
244 858 356 942 quinto
378 878 473 921 versu
487 864 662 942 praeeunte
680 853 843 920 Bumckio
859 856 985 942 scripsit
997 852 1176 934 Jacobsius,

175 964 210 1029 id
238 965 325 1053 quod
354 969 423 1053 ipse
452 965 611 1053 improbat
637 969 671 1031 in
699 969 784 1031 nutis
815 968 943 1043 criticis;
976 975 1063 1031 recte
1092 969 1176 1031 enim

175 1076 247 1142 cod.
270 1076 450 1159 lectionem,
471 1073 620 1162 Αὐγείαν
641 1072 751 1158 ἐδάην,
772 1079 906 1142 vertisse
924 1077 1074 1144 Grotium
1095 1078 1176 1147 No-

175 1198 237 1254 tus
268 1197 305 1254 et
328 1189 486 1278 Augias.
537 1189 603 1254 Sed
623 1185 772 1273 Αὐγείαν
793 1183 894 1269 ἐδάην
922 1199 988 1255 tum
1016 1199 1103 1254 recte
1130 1188 1176 1253 di-

175 1310 262 1365 ceret
283 1300 452 1380 Hercules,
477 1302 504 1365 si
526 1303 553 1365 is
576 1299 709 1388 Augiam
731 1302 884 1364 victorem
907 1310 1053 1387 expertus
1077 1309 1175 1377 esset;

176 1433 260 1476 nunc
282 1411 401 1500 Augias
430 1413 538 1497 potius
560 1412 731 1477 Herculem
753 1421 898 1498 expertus
928 1433 997 1476 esse
1020 1411 1174 1478 dicendus
1280 1477 1282 1481 .

175 1532 250 1587 erat
294 1524 404 1610 Itaque
427 1521 628 1590 scribendum
650 1519 796 1608 Αὐγείας
815 1519 851 1609 μ’
872 1518 963 1603 ἐδάη.

372 1869 374 1874 Ι
469 1797 654 1848 rurrrrrus
669 1797 727 1847 rar.
740 1797 793 1864 vr,
814 1792 873 1847 114.

217 1901 328 1989 Δέρμα
350 1901 406 1965 καὶ
428 1897 581 1989 ὀργνιαῖα
606 1906 686 1987 κέρα
705 1895 787 1985 βοός
808 1907 844 1967 ἐκ
864 1902 1025 1986 βασιλῆος

209 2059 222 2078 .,
258 2007 547 2101 Ἀμῳιτρνωνιάδα
569 2010 697 2100 κείμεθ’
717 2006 782 2078 άνὰ
804 2008 980 2100 πρόπολον,

215 2118 600 2210 τεσσαρακαιδεκάδωρα,
622 2117 681 2190 τόν
703 2119 866 2209 αὐχήεντα
891 2123 1044 2208 Φιλίππῳ

261 2229 442 2318 άντόμενον
463 2229 548 2299 κατά
569 2237 631 2319 γὰς
653 2228 755 2316 ἤλασε
777 2227 882 2311 δεινός
904 2228 1000 2314 άκων,

215 2341 382 2429 βοόβοτον
401 2343 575 2432 Ὀρβηλοῖο
598 2339 690 2433 παρά
712 2341 850 2436 σφυρόν.
874 2341 896 2409 ἁ
918 2339 1103 2428 πολόολβος

257 2454 419 2541 Ἠμαθία
439 2461 518 2541 τοίῳ
539 2459 707 2546 κραίνεται
728 2452 872 2542 ἁγεμόνα

173 2587 296 2674 Quinto
318 2611 415 2655 versu
433 2585 594 2676 Ὀρβηλόν
617 2599 784 2676 uxytonon
806 2598 912 2654 estut
934 2587 1019 2676 apud
1035 2586 1172 2652 Samium

172 2700 266 2786 Anth.
289 2700 356 2766 Pal.
370 2702 442 2781 vil,
466 2703 539 2766 116.
577 2700 674 2787 Apud
695 2700 896 2767 Herodotum
910 2702 952 2781 V,
969 2702 1010 2766 16
1034 2711 1066 2764 et
1087 2699 1173 2764 Stra-

172 2810 248 2876 bon.
262 2812 335 2891 Vll,
355 2836 387 2900 p.
402 2814 466 2878 329
489 2813 635 2878 scribitur
649 2806 823 2903 Ὄρβηλον.
860 2815 948 2878 Finis
970 2813 1173 2899 epigramma-

172 2924 213 2988 tis
230 2921 276 2989 ὀδ
297 2946 401 2989 meum
423 2947 549 2990 sensum
570 2922 665 2989 valde
686 2927 810 2990 ieiunus
833 2937 865 2992 et
886 2928 954 2990 sine
977 2923 1089 2990 aculeo
1113 2931 1171 2988 est.

172 3034 393 3101 scribendum:

214 3142 380 3230 βοόβοτον
398 3145 574 3232 ’θρβηλοῖο
595 3139 687 3230 παρά
710 3141 846 3235 σφυρόν.
870 3135 894 3212 ά
913 3141 1099 3231 πολύολβος

256 3254 424 3342 Ἠμαθίς,
447 3254 469 3323 ἁ
492 3260 571 3344 τοίῳ
592 3260 759 3346 κραίνεται
781 3252 925 3342 ἁγεμόνα

168 3363 322 3454 Ἠμαθίς
343 3391 403 3456 pro
422 3367 584 3458 Ἠμαθία
606 3372 749 3436 enotavit
762 3370 940 3456 Stephanus
954 3370 1035 3456 Byz.
1057 3392 1088 3456 p.
1104 3371 1169 3436 382
1188 3349 1192 3356 ¹

168 3475 340 3563 Ήμαθίαε
375 3476 468 3558 πόλις
495 3483 551 3548 καὶ
575 3483 712 3568 χωρίον,
744 3477 766 3561 ἡ
794 3482 853 3546 νῦν
882 3481 1087 3547 Μακεδονία.
1114 3485 1170 3549 καὶ

167 3585 322 3674 Ἡμαθίς
343 3587 364 3670 ἡ
383 3586 484 3676 χώρα.
534 3592 639 3678 Quam
662 3615 708 3658 vs.
730 3595 750 3658 5
772 3595 896 3658 restitui
918 3596 1168 3659 interiectionem

171 3691 195 3764 ἁ
218 3723 254 3766 ea
276 3705 393 3789 passim
416 3702 600 3768 oblitterata
622 3705 715 3785 lutet,
743 3727 773 3768 r.
797 3727 824 3770 c.
846 3708 880 3769 in
902 3705 1080 3793 fragmento
1105 3705 1168 3770 ele-

170 3814 262 3898 giaco
285 3824 403 3900 poetae
424 3818 542 3880 veteris
565 3815 649 3903 apud
672 3815 811 3902 Etymol.
836 3817 880 3880 M.
904 3840 934 3904 p.
958 3819 1008 3897 71,
1031 3819 1090 3896 30,
1111 3807 1188 3882 ubi

169 3921 286 4012 legitur
320 3920 451 4006 ἁπάντη
491 3922 600 3992 πάντα
636 3920 807 4017 θαλνκρὰς
839 3922 910 4010 ἐγώ.
971 3928 1110 4017 Corrige
1145 3919 1169 3994 ἁ

168 4029 275 4116 πάντη
297 4030 408 4102 πάντα
430 4032 600 4121 θαλοκρὰς
622 4034 692 4125 ἐγώ.

569 4201 766 4214 .......,...-.--
