3026 4816
343 469 395 524 142
608 462 869 524 eunomio
892 463 1079 524 culrlca

340 611 461 704 ταμός·
489 608 530 681 τὸ
555 609 799 705 χάρνΝάρονος
826 614 943 706 (παρ’)
972 610 1084 704 ὄχθας
1105 612 1198 706 παρά
1218 614 1344 686 Νινάν-
1389 651 1393 654 ·

342 728 410 816 δρρι
431 721 487 794 διά
507 721 547 793 τὸ
569 731 690 816 μέτρον
710 723 893 809 συνεστάλη
915 723 954 795 τὸ
971 737 998 793 οἳ
1019 734 1065 808 είς
1078 737 1107 796 ὃ.
1123 733 1126 739 “
1140 733 1237 798 Vsa
1260 730 1346 798 Gro-

342 843 406 906 tius
427 842 523 920 vertit
546 839 716 904 Lesbum
744 843 966 928 praecipuo
997 863 1107 928 quem
1135 863 1202 908 rex
1231 841 1346 908 arde-

341 952 407 1017 bat
435 971 577 1017 amore.
628 949 842 1018 Casaubonus
871 952 1016 1017 tentabat
1043 954 1100 1018 καὶ
1127 949 1197 1039 μέλ’
1216 945 1345 1041 Ἔρωτι,

343 1066 394 1129 eui
422 1062 679 1151 posthabendum
707 1061 795 1150 quod
821 1066 959 1129 coniecit
985 1063 1158 1130 Jacobsius
1185 1065 1242 1130 καὶ
1269 1063 1341 1152 μέγ’

342 1172 497 1262 ἀρέσκων,
519 1177 586 1262 qui
607 1195 741 1263 regem
756 1175 1025 1243 comitabatur
1045 1175 1208 1242 multum
1231 1179 1268 1241 ei
1289 1198 1346 1242 ea-

341 1308 417 1353 rus.
468 1287 513 1352 At
534 1289 718 1374 συντρέχειν
738 1309 855 1353 vereor
881 1297 918 1353 ut
938 1297 1026 1352 reete
1046 1287 1262 1354 intellexerint
1285 1291 1346 1353 viri

342 1397 439 1466 docti.
475 1398 594 1464 Sensus
617 1419 689 1464 esse
709 1397 851 1465 videturz
872 1399 1040 1464 Persarum
1060 1420 1171 1487 regem
1193 1399 1345 1465 felicitate

317 1513 505 1599 aequavit,
540 1511 608 1575 sive
635 1518 672 1574 ut
699 1511 826 1578 Horatii
853 1510 961 1576 verbis
990 1509 1109 1592 dicam,
1134 1511 1346 1577 Persarum

341 1624 475 1712 viguit
502 1642 601 1709 rege
623 1619 797 1688 beatior.
848 1621 942 1687 Hane
963 1623 1047 1687 enim
1068 1625 1133 1688 vim
1154 1626 1271 1711 passim
1292 1624 1347 1688 ba-

341 1734 421 1800 bere
449 1741 576 1798 constat
596 1728 765 1816 βασιλεύς,
795 1736 914 1799 omisso
944 1732 1088 1798 articulo.
1138 1734 1192 1800 De
1209 1737 1347 1824 συντρέ-

339 1867 410 1933 χειν
431 1843 495 1910 dixi
517 1843 559 1910 ad
580 1843 704 1910 Comio.
727 1867 833 1935 graec„
854 1844 915 1925 ΙΙΙ,
941 1868 973 1932 ρ.
996 1847 1080 1912 382.
1116 1845 1267 1933 Reliqua,
1289 1848 1347 1911 καὶ

342 1954 414 2044 μετ’
436 1951 598 2043 Ἐρώτων,
626 1956 742 2022 leniter
769 1967 914 2022 correcta
942 1957 1080 2022 fortasse
1108 1959 1143 2022 in
1169 1957 1255 2023 buno
1279 1977 1346 2024 mo

343 2067 418 2135 dum
441 2089 511 2134 oum
533 2069 740 2154 sequentibus
762 2068 924 2158 iungenda
946 2078 1033 2134 sunt:

387 2175 426 2258 ὅς
445 2202 525 2246 ποτε
546 2180 604 2244 καὶ
624 2178 763 2263 βασιλῆϊ
782 2181 973 2268 συνέδραμε.
994 2181 1051 2247 ναὶ
1071 2176 1142 2265 μετ’
1158 2175 1306 2268 Ἐρώτων

427 2293 558 2380 χαίρετε
579 2286 784 2382 κουφόταται
804 2290 959 2378 δαίμονες
979 2285 1174 2357 ἀθανάτων.
1271 2325 1272 2330 ¹

344 2404 441 2491 Spem
470 2413 503 2469 et
535 2403 665 2472 amores
693 2402 915 2469 immortalium
950 2401 1129 2469 levissimos
1160 2423 1230 2468 esse
1259 2401 1345 2468 dicit.

344 2519 444 2582 Vsb
473 2514 546 2581 eod.
575 2511 615 2581 οἷ
632 2513 677 2581 σ’.
724 2513 814 2580 Plan.
844 2517 881 2580 oi
901 2512 945 2581 o’.
998 2514 1131 2601 Scripsit
1151 2516 1223 2580 sine
1245 2512 1345 2581 dubio

342 2637 455 2716 poeta:
477 2623 574 2693 αὐλοὶ
595 2623 625 2692 δ’
645 2619 834 2718 ἄφθεγκτον
851 2627 908 2691 καὶ
929 2622 1091 2702 άπευθέες
1113 2621 1178 2691 οἵδ’
1196 2628 1347 2692 ένέαουσι

341 2740 493 2818 κεῖσθαι,
522 2739 650 2804 tibiae
677 2737 777 2804 illae
799 2740 854 2820 (iu
876 2735 1025 2823 sepulcro
1046 2739 1193 2824 positae)
1218 2747 1345 2803 mutas

344 2860 383 2916 et
411 2849 612 2938 inglorias
641 2871 683 2916 se
711 2853 846 2916 iacere
874 2846 1068 2914 indicant
1120 2847 1222 2936 Quod
1242 2848 1345 2938 vulgo

342 2960 463 3052 legitur
483 2983 580 3028 seusu
601 2983 723 3028 cassum
747 2971 804 3027 est
849 2961 943 3025 Vsu
967 2959 1038 3026 eod.
1062 2961 1132 3027 ἐπεὶ
1153 2954 1234 3028 οὔθ’
1259 2953 1347 3049 ἱερὸς

342 3069 405 3141 οἷδ’
429 3071 581 3162 Ἀχέρων.
625 3071 776 3141 Mutilum
804 3093 930 3137 versum
959 3071 1013 3137 alii
1042 3072 1148 3153 aliter,
1176 3071 1235 3138 sed
1255 3071 1346 3167 uuila

343 3206 413 3251 oum
434 3185 660 3273 probabilitate
682 3183 835 3272 supplere
858 3186 966 3251 eonati
980 3194 1064 3250 suut
1100 3185 1251 3251 Proxime
1265 3206 1344 3251 vero

341 3317 424 3364 uuus
445 3295 619 3363 Jacobsius
640 3299 674 3362 in
688 3294 855 3362 Addendis
877 3298 1024 3361 tentavit:
1046 3292 1086 3362 οὐ
1107 3291 1253 3374 θιάσους
1273 3292 1342 3362 ἀλλ’

341 3402 411 3496 ἄχε’
438 3405 501 3475 οἶδ’
523 3406 676 3496 Ἀχέρων.
726 3407 804 3495 Quo
828 3406 953 3473 adiutus
975 3410 1088 3495 scripsi
1109 3409 1177 3496 ἐπεὶ
1200 3405 1240 3474 οὐ
1262 3402 1345 3473 θιά-

342 3540 420 3599 σους
447 3513 534 3608 ἱερὰς
561 3515 622 3587 οἷδ’
646 3516 798 3608 Ἀχέρων.
848 3519 933 3584 Nam
960 3513 1048 3609 ἱερὸς
1075 3542 1132 3586 cur
1152 3540 1213 3607 pro
1238 3540 1346 3585 corm-

341 3641 400 3719 pto
422 3631 576 3697 habeatur
597 3630 643 3697 nil
665 3651 795 3698 caussae
818 3613 874 3696 est

742 3779 941 3788 ————

429 4000 524 4088 Quae
545 4010 721 4089 sequuntur
744 4003 982 4089 epigrammata,
1014 4023 1083 4066 cum
1106 4001 1251 4067 Diotimo
1278 4022 1347 4066 non

342 4111 448 4178 addita
477 4113 599 4200 patriae
628 4111 864 4200 significatione
892 4111 1084 4192 tribuantur,
1113 4114 1268 4179 incertum
1297 4121 1347 4178 est
