3026 4816
414 460 676 523 sumersate
698 459 884 522 catulos.
1101 461 1152 518 161

147 641 181 706 p.
207 617 309 696 roto,
330 616 375 682 so
404 625 438 681 et
459 614 567 700 suoi.
589 615 706 680 venet„
734 611 785 678 eu.
813 611 916 678 neu.
942 634 974 700 p.
1000 613 1078 694 rsa,
1099 613 1153 680 aa.
1274 591 1277 600 '

147 731 232 810 304,
254 731 306 794 to.
350 728 460 793 Versu
486 725 599 792 ultimo
628 724 700 792 cod.
729 719 872 810 ἄναγον.
922 721 1075 791 Correxit
1098 727 1154 792 Ja-

148 840 287 907 eobsius.

236 952 275 1018 X.
316 950 477 1037 Scriptum
499 957 549 1014 est
569 948 634 1014 boc
655 968 782 1014 carmen
803 949 838 1014 iu
859 947 1043 1030 Athenium,
1072 971 1153 1037 quac

146 1063 330 1130 incendium
354 1063 530 1127 Troianum
558 1081 676 1126 canem
705 1062 740 1126 iu
768 1063 874 1126 auimo
896 1070 1014 1148 poetae
1036 1064 1153 1128 amoris

147 1174 331 1242 incendium
354 1175 554 1238 excitaverat.
599 1171 701 1238 Vsa
729 1169 818 1258 quod
842 1171 960 1262 legitur
981 1169 1022 1240 οὐ
1042 1173 1155 1252 δείσας

146 1287 290 1355 Δαναῶν
318 1285 430 1364 δεκέτη
449 1277 573 1372 χρόνον
600 1291 687 1349 recte
709 1285 744 1349 iu
765 1285 835 1350 vitii
861 1286 1078 1372 suspicionem
1099 1285 1154 1352 ad-

147 1397 237 1465 duxit
257 1397 439 1462 Jacobsius.
491 1391 558 1460 Sed
578 1415 695 1461 vereor
723 1404 761 1461 ut
786 1415 897 1461 verum
923 1398 964 1462 sit
993 1394 1081 1484 quod
1104 1400 1155 1463 vir

148 1510 439 1598 praestantissimus
459 1507 598 1572 coniecit
612 1483 792 1587 oddevtdcc,
813 1505 902 1595 quod
916 1509 987 1595 ipse
1000 1510 1045 1574 ita
1058 1511 1155 1576 inter-

147 1629 306 1709 pretatur:
335 1618 528 1685 decennis
549 1616 624 1684 ille
649 1618 880 1684 Danaorum
900 1617 1021 1686 labor
1042 1643 1154 1709 quam

148 1730 255 1798 nihil
284 1733 339 1796 sit
367 1727 605 1810 ostendens,
639 1731 659 1794 i.
689 1751 718 1796 e.
746 1750 819 1796 meo
848 1730 996 1820 exemplo
1025 1732 1154 1814 docens,

148 1844 266 1910 frustm
287 1843 421 1908 Danaos
444 1838 554 1906 decem
576 1861 679 1906 anuos
702 1842 821 1907 Troiae
847 1842 1079 1934 expugnandae
1099 1847 1156 1910 im-

147 1954 308 2045 pendisse
353 1951 499 2018 Verbum
527 1948 715 2032 οὐὸενίζειν,
744 1955 834 2022 cuius
862 1952 950 2020 aliud
978 1956 1155 2044 exemplum

149 2087 219 2132 uon
241 2076 340 2146 extat,
367 2064 529 2154 significat
551 2067 671 2151 opinor
691 2063 812 2130 nihili
837 2063 987 2148 lacere,
1016 2079 1155 2134 coute-

148 2199 295 2244 mnere.
340 2175 441 2263 Quod
461 2179 514 2242 vix
539 2185 649 2262 aptum
670 2176 745 2242 huic
765 2175 852 2243 loco.
895 2179 1007 2266 ltaque
1028 2181 1057 2245 si
1078 2180 1155 2267 quid

149 2288 345 2369 mutandum,
366 2288 472 2354 malim
487 2285 562 2354 οὐδὲ
576 2284 660 2367 icoc,
682 2290 851 2376 ignarus
870 2288 1063 2356 decennis
1086 2312 1156 2378 op-

148 2403 436 2491 pugnationis,
459 2402 576 2488 quippe
598 2421 665 2464 uno
688 2399 742 2465 die
767 2411 975 2490 expugnatus.
1090 2478 1092 2482 ¹

237 2513 290 2577 XL
331 2513 425 2579 Vel
450 2504 691 2587 Πεσσινόεντος
712 2503 780 2577 ἀπὸ
805 2508 945 2600 Φρυγός.
986 2514 1155 2579 Pessinun-
1216 2541 1219 2546 ·

149 2634 214 2691 tem
228 2625 402 2714 Phrygiam
424 2623 510 2702 dicit,
532 2623 682 2709 quoniam
704 2620 751 2688 ibi
773 2615 816 2688 τὰ
831 2616 960 2689 παλαιὰ
979 2624 1046 2690 τῶν
1064 2625 1154 2711 Φρυ-

148 2738 217 2822 γῶν
232 2731 403 2823 οἰκητήριον
420 2735 549 2800 lucrant
566 2742 649 2799 teste
665 2732 827 2800 Strabone
841 2735 908 2814 llll,
922 2758 954 2822 p.
969 2737 1034 2802 852
1050 2738 1154 2818 (568).

149 2850 300 2914 Fortasse
323 2858 429 2912 muron
451 2844 654 2911 scribendum
676 2840 918 2923 Πεσσινόεντος
939 2841 997 2911 ἀπ’
1020 2842 1154 2936 ὀφρύος,

149 2981 213 3045 quo
232 2962 364 3025 nomine
378 2957 576 3044 Dindymum
592 2967 731 3022 montem
746 2957 929 3046 siguificare
944 2960 1058 3044 potuit
1079 2959 1157 3024 Pes·

147 3073 268 3136 sinuati
291 3072 503 3136 imminentem
528 3079 561 3135 et
581 3091 716 3157 magnae
731 3071 839 3135 matris
860 3069 1083 3135 sacricolarum
1107 3071 1156 3136 lu-

147 3181 274 3249 roribus
303 3181 519 3248 nobilitatum.
573 3181 691 3247 Strabo
713 3180 778 3247 l.l
805 3182 873 3248 tort
895 3177 925 3246 δ’
952 3173 1031 3269 ὅρος
1056 3177 1155 3264 ὑπερ-

147 3295 310 3379 κείμενον,
338 3291 377 3360 τό
407 3270 586 3380 Δίνδνμον,
615 3289 676 3384 ἀφ’
708 3283 749 3384 οὗ
777 3289 799 3374 ἡ
829 3287 1026 3378 Δινδνμηνή.
1078 3295 1154 3359 Eius

147 3407 266 3470 montis
288 3405 422 3470 formam
450 3407 628 3470 accuratius
652 3403 807 3471 describit
827 3402 1079 3492 Philostephano
1102 3427 1157 3471 au-

149 3527 239 3583 ctore
266 3514 373 3581 Schol.
397 3515 505 3605 Apoll.
529 3515 635 3583 Rhod.
658 3518 689 3595 1,
711 3518 786 3582 985.
831 3517 889 3580 Vs.
911 3518 955 3582 10
984 3514 1155 3583 Salmasius

148 3633 194 3705 εἰς
220 3621 259 3693 τὸ
287 3621 344 3694 ἐὰν
371 3623 553 3715 τύμπανον.
607 3630 758 3694 Fortasse
785 3635 887 3706 recte,
921 3649 1107 3714 quamquam
1136 3625 1155 3695 ὀ

148 3733 319 3824 τύμπανος
348 3760 416 3806 uon
444 3742 545 3828 magis
566 3743 679 3819 miror,
707 3760 801 3825 quam
824 3735 843 3804 ὁ
865 3732 1041 3825 πρόσωπος
1055 3744 1095 3807 'et
1116 3743 1157 3805 si-

150 3848 246 3916 milia.
281 3851 339 3915 Vs.
356 3852 399 3916 13
421 3871 483 3937 pro
506 3847 610 3931 ἀκοῆς
632 3852 744 3937 scripsi
766 3846 881 3940 ἀκοῇς,
906 3850 1080 3915 auribus.
1113 3852 1156 3916 V.

149 3960 192 4028 ad
214 3959 338 4029 Comic
370 3984 476 4052 graec.
499 3963 545 4044 11,
573 3985 605 4051 p.
628 3964 703 4030 347.
748 3961 919 4028 Salmasius
941 3957 1033 4054 ἀκοῇ.
1059 3963 1158 4027 'aor-

149 4083 234 4140 tasse
265 4082 371 4141 tamcn
393 4070 497 4156 ἀκοῆς
522 4076 784 4162 servaripotest:
812 4082 849 4139 ut
878 4075 962 4138 enim
984 4093 1013 4139 c.
1036 4095 1062 4138 e.
1091 4073 1157 4140 Hc-

908 4186 952 4250 ll
