3028 4826
537 400 855 463 conluctante.
1144 405 1195 462 185

195 551 325 632 θώδεις.
371 556 418 621 lta
448 551 620 648 φιλανθής
649 564 699 621 est
725 553 904 620 floridus
933 552 1019 642 apud
1044 553 1196 620 Rufinum

194 668 235 746 V,
259 669 315 747 72,
337 669 368 734 3.
413 663 623 758 φιλοκαμιιής
644 670 836 732 incurvus
858 660 944 752 apud
965 665 1117 731 Phaniam
1140 667 1195 745 Vl,

123 795 124 800 ’
194 780 276 858 294,
299 781 329 844 3.

279 1057 281 1064 k
511 993 664 1045 rumas
681 992 740 1044 ru.
753 993 819 1060 xu,
837 987 882 1043 31.

239 1107 311 1172 Nat
337 1105 438 1191 Θέμιν
459 1100 604 1193 ἀκρήτου
624 1107 680 1172 καὶ
701 1099 741 1171 τὸ
764 1101 889 1196 σκύφος
911 1094 938 1189 ᾧ
961 1100 1166 1192 σεσάλενμοιι,

283 1212 461 1310 Πάμφιλε,
482 1210 580 1302 βαιὸς
601 1217 664 1302 tigre
685 1211 744 1282 τὸν
765 1210 827 1282 σὸν
848 1218 953 1304 ἔρωτα
970 1211 1100 1306 χρόνος.

239 1325 304 1409 ἤδη
326 1321 390 1416 γὰρ
412 1330 468 1394 καὶ
489 1321 595 1414 μηρὸς
615 1321 679 1393 ὑπὸ
702 1329 798 1414 τρίχα
819 1329 876 1394 καὶ
895 1330 989 1413 γένος
1009 1324 1090 1412 η’βᾷ,
1128 1382 1134 1396 .

283 1441 340 1506 καὶ
360 1434 473 1516 πόθος
495 1444 540 1516 εὶς
561 1441 674 1527 ἑτέρην
695 1432 813 1506 λοιπὸν
834 1433 906 1526 ἄγει
927 1439 1060 1525 μανίην.

197 1576 333 1641 Themin
361 1573 539 1638 obtestatur
567 1584 665 1660 poeta
694 1573 808 1639 eodem
830 1573 966 1640 consilio
996 1594 1060 1661 quo
1081 1573 1197 1639 Neme-

197 1689 246 1751 sin
274 1695 428 1751 memorat
449 1683 618 1775 Meleager
639 1687 712 1765 XII,
733 1687 777 1751 33
805 1687 872 1752 ἔστι
899 1688 956 1752 καὶ
984 1690 1020 1751 ἐν
1047 1686 1197 1772 μλοντοῖς

196 1801 344 1887 φυομένη
374 1801 524 1883 Νέμεσις.
575 1798 683 1863 Versu
716 1801 812 1863 tertio
844 1797 1015 1863 Salmasius
1042 1790 1197 1885 ὑπόθριξ,

196 1908 284 1996 quod
313 1911 368 1996 qui
393 1911 507 1974 merito
528 1911 633 1974 reiicit
653 1909 824 1975 Jacobsius
845 1908 1008 1998 vulgatum
1034 1909 1080 1972 ita
1102 1907 1198 1993 expli-

71 2081 73 2085 .
195 2030 263 2101 eat,
292 2030 328 2087 ut
354 2022 455 2086 femur
477 2019 615 2108 pilorum
645 2024 736 2108 quasi
757 2023 891 2108 imperio
913 2020 1089 2086 subiectum
1112 2018 1197 2084 dica-

181 2135 256 2198 tur.
296 2132 389 2219 Quae
412 2155 508 2219 quum
529 2133 639 2219 paullo
663 2133 774 2199 durior
795 2137 837 2199 ait
850 2136 941 2213 ratio,
962 2131 1038 2198 vide
1060 2153 1101 2196 an
1122 2133 1197 2196 scri-
1270 2153 1272 2156 ·

194 2247 295 2330 pserit
314 2253 413 2331 poeta
433 2237 498 2325 ἤδη
518 2238 583 2333 γὰρ
604 2245 661 2310 καὶ
681 2241 772 2332 μηρί’
790 2239 958 2333 ὑπότριχα.
995 2243 1115 2331 Μηρία
1135 2263 1195 2329 pro
1326 2253 1328 2256 '

195 2357 297 2443 μηροὶ
318 2357 397 2422 dixit
417 2356 504 2420 Bion
524 2356 554 2436 1,
577 2357 620 2422 84
642 2352 660 2421 ὁ
685 2356 720 2421 δὲ
741 2358 846 2445 μηρίον
867 2351 964 2422 λούει.

224 2711 225 2714 ,
465 2653 692 2708 carantonus
710 2656 769 2707 nn.
782 2654 850 2722 vu,
868 2651 930 2706 aaa.

241 2754 378 2845 Ποιμὴν
399 2749 426 2824 ὦ
445 2755 573 2850 μάκαρ,
596 2759 669 2827 εἴθε
690 2757 762 2826 κατ’
790 2753 903 2849 οὔρεος
925 2751 1147 2847 ἐπροβιὲτενον

282 2867 385 2956 κήγώ,
405 2867 546 2962 ποιηρὸν
566 2869 657 2939 τοῦτ’
684 2865 750 2936 ἀνοὶ
771 2865 974 2961 λενκόλοφον

219 3025 222 3032 =
240 2991 343 3070 κριοῖς
364 2979 528 3072 ἁγητῆροί
549 3007 628 3050 ποτε
649 2979 842 3070 βληχήμενα
861 2979 973 3067 βάζων

284 3089 306 3174 ἢ
326 3097 424 3187 νιιιιρῇ
444 3091 558 3186 βάψαι
580 3090 687 3180 νήοχοι
708 3089 855 3174 πηδάλιον

11 3185 12 3198 ¹
118 3191 120 3196 ’
240 3201 343 3297 ἅλμη·
365 3201 481 3294 τοιγὰρ
503 3208 578 3273 ἔδον
599 3204 816 3290 ὑποβένθιος,
838 3192 984 3296 &aspicit
1005 3196 1128 3282 ταύτην

283 3311 370 3382 &tvai
391 3341 432 3403 με
453 3313 636 3406 ῥοιβδηοας
656 3307 764 3406 Εὖρος
786 3319 1007 3407 ἐφωρμὶσατο.

177 3455 304 3519 'Versu
323 3455 433 3540 ⁴primo
456 3453 640 3521 Gerhardus
669 3452 832 3518 scribebat
858 3444 983 3538 ποιμὴν
1008 3438 1035 3514 ὦ
1056 3445 1198 3539 μακάρι-

197 3585 267 3644 στε,
288 3562 361 3630 κοτ’
386 3556 499 3653 οὔρεος
521 3575 580 3630 etc,
625 3563 719 3650 Quae
741 3563 904 3630 distinctio
926 3572 962 3628 ut
984 3561 1025 3626 ad
1047 3583 1197 3628 numeros

195 3676 306 3764 paullo
331 3676 510 3767 elegantior
531 3686 594 3756 est,
622 3678 667 3741 ita
688 3679 877 3742 sententiam
903 3676 1048 3740 carminis
1070 3695 1198 3761 perver-

195 3792 242 3854 tit.
292 3769 366 3855 Ηοο
394 3791 475 3854 enim
504 3787 594 3853 dicit:
623 3791 743 3854 utinam
773 3809 835 3877 ego
864 3788 1060 3873 pastoritiam
1088 3787 1197 3871 potius

195 3903 292 3965 vitam
322 3923 413 3989 quam
440 3903 598 3967 nauticam
626 3909 778 3987 sequutus
807 3920 918 3965 essem.
966 3900 1073 3962 Versu
1101 3898 1197 3962 tertio

196 4012 374 4080 Brunckius
396 4013 516 4080 infelici
538 4011 670 4079 audacia
690 4010 789 4078 edidit
809 4016 911 4099 κριοῖς
932 4005 1094 4096 ἁμητνρσι
1114 4002 1197 4093 μετὰ
