3016 4808
417 456 607 507 ΛΕΩΝΙΔΑ
631 459 905 510 mmmm
1127 459 1165 515 33

157 598 301 691 γαυλοάς
321 626 357 670 τε
378 604 595 690 γλαγοπῆγας
616 601 785 691 άγωγαῖόν
806 628 841 672 τε
861 602 1035 694 κυνάγχαν,

201 717 259 782 καί
280 708 344 781 τάν
365 712 501 805 εὐρίνων
522 717 728 804 λαιμοπέδαν
750 713 927 785 σκυλάκων.

588 863 732 929 XXXIV.

157 967 271 1040 Αὕλια
292 973 349 1040 καί
371 976 541 1066 Νυμφέων
562 967 650 1063 ίερὸς
671 967 779 1059 πάγος
800 975 840 1040 αί
859 971 895 1039 θ’
918 967 984 1041 ὑπὸ
1006 977 1046 1040 πέ
1066 999 1106 1067 ρρι

202 1086 351 1166 πίδακες,
373 1079 396 1166 ἥ
418 1081 453 1149 θ’
477 1079 597 1151 ὕδασιν
618 1088 827 1170 γειτονέουσα
848 1087 951 1166 πίτυς,

158 1198 216 1264 καί
236 1190 278 1263 σδ
297 1189 531 1284 τετράγλωχιν,
554 1189 720 1281 μηλοσσόε
743 1192 902 1291 Μαιάδος
918 1195 1034 1287 Ἑρμᾶ,

202 1302 241 1386 ὅς
261 1331 297 1374 τε
317 1301 378 1374 τὸν
400 1301 574 1392 αίγιβότην
594 1301 677 1374 Πάν
698 1311 841 1394 κατέχεις
863 1303 1032 1388 σκόπελον,

157 1421 249 1486 ἵλαοι
269 1409 312 1485 τά
332 1412 462 1506 ψαιστά
483 1413 523 1484 τό
548 1441 584 1484 τε
605 1413 731 1508 σκύφος
752 1419 892 1506 έμπλεον
914 1418 1005 1501 οίνης

202 1528 350 1611 δέξασθ’,
371 1531 538 1597 Λίακίδεω
560 1530 651 1617 δῶρα
672 1531 916 1616 Νεοπτολέμου.

580 1678 736 1743 *XXXV.

157 1785 274 1856 Αὐτοῦ
294 1785 344 1880 ἐφ’
370 1791 561 1876 αλμασιαῒσι
580 1783 640 1855 τὸν
662 1785 893 1878 ἀγρυπνοῦντα
913 1791 1073 1879 Πρίαπον

202 1900 338 1980 έστησιν
358 1895 512 1988 λαχάνων
533 1903 729 1987 Δεινομένης
751 1894 894 1991 φύλακα.
1102 1989 1103 1996 ¹

158 2007 226 2079 ἀλλ’
252 2008 296 2090 ὡς
316 2015 505 2098 λνιέταμαι,
527 2006 617 2104 φώρ,
640 2012 789 2098 έμβλιπε.
810 2012 909 2078 τοῦτο
932 2009 976 2092 δ’,
998 2014 1130 2104 ἐρωτᾷς,

199 2124 267 2191 τῶν
287 2120 407 2209 ὀλίγων
428 2118 581 2210 λαχάνων
603 2125 728 2206 είνεκα;
749 2123 815 2189 τῶν
837 2119 966 2209 ὀλίγων.

586 2270 729 2336 XXXVI.

157 2379 317 2469 Πρέσβυν
334 2376 571 2471 Ἀνακρείοντα
589 2376 696 2469 χύδαν
719 2382 966 2468 σεσαλαγμίνον
987 2377 1065 2467 οίνῳ

201 2487 290 2558 θάεο
313 2491 452 2559 δινωτοῦ
473 2485 614 2560 στεπτδν
633 2488 761 2582 ὕπερθε
782 2492 895 2572 λίθου,

157 2600 201 2681 ὡς
223 2601 241 2671 ὁ
263 2608 368 2694 γέρων
389 2603 549 2690 λίχνοισιν
569 2601 619 2672 ὑπ’
645 2598 792 2691 ὄμμασιν
812 2596 898 2691 ὑγρά
919 2598 1078 2691 δεδορκώς

201 2708 278 2804 άχρι
298 2716 355 2784 καὶ
376 2711 596 2804 ἀστραγάλων
617 2717 743 2782 ἕλκεται
764 2710 971 2802 άμπεχόναν·

158 2827 281 2894 δισσῶν
303 2823 333 2892 δ’
360 2823 547 2915 ιἰρβυλίδων
568 2821 631 2893 τάν
651 2828 712 2915 μὲν
732 2827 815 2914 μίαν
836 2817 893 2893 οἷα
913 2825 1090 2914 μεθυπλήξ

201 2931 335 3020 ὤλεσεν,
356 2942 393 3004 έν
414 2934 444 3003 δ’
470 2942 567 3028 έτέρρ
589 2931 701 3026 ῥικνὸν
722 2931 827 3028 άραρε
848 2935 947 3006 πόδα.

156 3046 322 3135 μέλπειδΙ
348 3047 386 3130 ι’γὲ
408 3047 597 3117 Βάθυλλον
617 3050 776 3141 ἐφίμερον
797 3046 835 3131 ἠδ
856 3051 1034 3136 Μεγιστία,

202 3162 330 3250 αίωρῶν
350 3157 494 3251 παλάμᾳ
515 3156 579 3228 τάν
600 3159 767 3247 δυσέρωτα
786 3163 892 3248 χέλυν.

156 3266 245 3338 άλλά
264 3267 369 3362 πάτερ
391 3269 542 3355 Διόνυσε,
565 3268 715 3364 φύλασσέ
736 3293 810 3360 μιν
832 3269 872 3339 οὐ
892 3267 957 3359 γάρ
979 3275 1085 3341 έοικεν

201 3389 237 3450 ἐκ
257 3379 395 3472 Βάκχου
414 3388 545 3454 πίπτειν
565 3378 757 3472 Βακχιακδν
778 3385 926 3473 θέραπα.

577 3534 734 3599 XXXVII.

239 3636 300 3709 ”Ιδ’
326 3640 369 3722 ὡς
390 3642 409 3710 ὁ
431 3644 574 3734 πρέσβυς
595 3649 631 3710 ἐκ
651 3646 763 3731 μέθης
779 3640 967 3733 Ἀνακρέων

243 3752 487 3835 ὑπεσκέλισται,
508 3757 566 3822 καί
587 3750 627 3822 τδ
648 3756 757 3832 λῶπος
779 3757 904 3823 έλκεται

226 4000 355 4059 XXXIV.
372 3999 429 4061 Pal.
438 4000 486 4071 VI,
497 4003 559 4060 334.
572 4033 606 4047 -·
623 4001 736 4060 XXXV.
754 4001 829 4060 Plan.
841 4002 897 4060 διο.
908 4005 970 4060 236.
982 4035 1015 4047 -
1032 3998 1159 4060 XXXVI.

154 4083 230 4144 Plan.
241 4089 303 4146 306.
321 4086 400 4146 Vm
418 4088 548 4167 στρεπτόν
564 4085 645 4147 V⁸.3
661 4087 700 4147 ἐπ’
720 4121 753 4134 -
770 4087 909 4150 XXXVII.
927 4088 1002 4148 Plan.
1014 4091 1075 4146 3⁰7.

937 4187 960 4252 3
