3026 4816
350 457 402 514 lte
616 450 878 514 ΑΒΝΟΤΑΤΙΟ
900 450 1087 512 cultros.

349 607 433 673 idem
456 616 674 695 argumentum
696 615 810 671 tractat
823 605 920 671 Anth.
936 604 1003 670 Pal.
1018 605 1091 683 Vll,
1109 607 1171 671 174
1191 600 1255 694 ὀψὲ
1276 599 1355 690 βόες

349 719 471 810 νιφετῷ
492 713 710 804 σπερχόμενοι
731 716 884 801 κατέβαν.
919 717 998 781 Mox
1020 719 1054 781 iu
1069 715 1140 781 cod.
1160 738 1256 803 super
1273 710 1354 788 ταῦ-

350 830 422 895 λιον
443 832 596 916 scriptum
619 838 668 894 est
688 821 822 908 ταῦλεα,
849 827 985 914 quodsi
1007 831 1181 916 genuinum
1205 838 1269 906 est,
1292 848 1352 913 pro

349 943 386 1005 αἱ
399 935 476 1024 βόες
491 939 694 1005 scribendum
708 940 764 1004 ταὶ
778 934 864 1023 βόες.
896 941 954 1004 Vs.
972 941 993 1004 2
1014 934 1208 1030 νειφόμεναι
1224 960 1262 1002 ex
1278 937 1352 1002 cod.

298 1127 302 1134 .
349 1055 500 1117 revocavi
521 1072 582 1139 pro
604 1045 791 1142 νιφόμενοι.
1199 1056 1201 1060 ’

437 1166 490 1228 ΙΧ.
524 1164 620 1228 Vsa
643 1160 716 1226 cod.
732 1165 759 1226 et
774 1163 898 1247 μέλλοι.
939 1160 1080 1226 Bruuck.
1103 1155 1125 1241 ἢ
1147 1161 1264 1247 μέλλει.
1298 1163 1353 1225 Ja-

350 1275 439 1341 cobs.
455 1279 482 1340 ελ
497 1274 614 1361 μέλλει.
649 1273 794 1358 Quorum
817 1283 963 1358 neutrum
979 1295 1030 1337 me
1044 1271 1223 1361 intelligere
1237 1273 1352 1338 fateor.

351 1384 560 1454 scribendum
582 1384 709 1450 videtur
736 1377 759 1466 ἢ
783 1385 913 1471 μέλλοι,
940 1406 987 1450 ne
1013 1407 1086 1470 qua
1109 1386 1256 1470 pariat,
1285 1394 1353 1449 eut

350 1497 434 1563 filii
455 1505 619 1562 mortem
640 1494 780 1560 videre
802 1499 1017 1575 sustineat,
1047 1506 1103 1561 aut
1125 1506 1211 1561 certe
1232 1488 1254 1575 ἢ
1275 1497 1353 1581 μέλ-
1494 1489 1496 1496 '

350 1611 407 1674 λει.
451 1609 622 1673 Praeterea
643 1607 754 1672 forsan
776 1618 917 1695 praestat
943 1601 990 1693 μὴ
1012 1612 1093 1698 ceap.

690 1920 1013 1983 monemus.

386 2019 397 2046 δ
437 2052 476 2118 11.
505 2053 601 2118 vsa
622 2055 734 2119 attero
749 2055 958 2118 Hermaunus.
992 2048 1076 2118 Cod.
1092 2051 1222 2117 έσσατο.
1250 2052 1354 2117 Brun-

278 2180 283 2190 ·
350 2163 441 2229 ckius
469 2169 605 2245 ἕσσατο,
642 2174 756 2229 veste
791 2164 935 2230 induit.
987 2161 1088 2248 Quod
1117 2184 1187 2227 esse
1216 2162 1355 2228 debebat

351 2280 439 2354 ἕσσε,
466 2286 619 2341 monente
646 2278 739 2341 etiam
761 2275 927 2341 Jacobsio.
973 2277 1094 2339 Verum
1116 2273 1244 2340 videtur
1266 2274 1354 2362 quod

350 2389 549 2454 Hermannus
571 2387 683 2454 voluit.
719 2388 808 2454 Idem
830 2389 913 2453 vs.3
936 2387 972 2451 δέ
994 2391 1027 2451 οἱ
1049 2379 1144 2451 αὐτοί.
1182 2384 1265 2453 Cod.
1289 2380 1353 2476 μὰρ

351 2501 384 2565 ολ
405 2495 500 2566 adrui.
540 2500 634 2566 vat
657 2498 729 2565 cod.
753 2495 845 2583 ttya.
882 2499 1005 2585 Recepi
1027 2507 1145 2562 certam
1161 2495 1355 2562 emendatio-

350 2632 424 2677 nem
446 2589 639 2676 Ruhnkenii.

438 2722 493 2787 111.
531 2723 629 2789 Vs.l
661 2722 807 2811 βροτέων
830 2719 916 2786 haud
942 2719 1040 2786 dubie
1063 2729 1255 2805 corruptum.
1299 2721 1355 2784 Ja-

352 2833 480 2900 cobsius
514 2832 660 2898 tentabat
685 2833 841 2920 βριαρῶν.
896 2832 969 2918 lpse
997 2830 1183 2918 suspicabar
1210 2833 1355 2922 xperior

352 2947 385 3027 (a
407 2937 539 3033 κρατὺς)
560 2943 614 3009 vel
636 2945 809 3031 κρατερῶν,
832 2943 919 3031 quod
936 2943 1088 3009 robustae
1109 2963 1220 3007 manus
1236 2942 1355 3029 epithe-

352 3066 411 3122 ton
441 3055 603 3143 estapud
624 3054 804 3122 Pindarum.
847 3057 951 3122 ven
979 3055 1053 3139 ναῷ
1079 3057 1192 3142 scripsi
1222 3076 1260 3118 ex
1282 3052 1355 3120 cod.

352 3165 420 3234 Pal.
452 3166 566 3256 Vulgo
588 3169 667 3252 νηῷ.
703 3167 751 3233 lb.
772 3164 949 3259 ὑπωροφέα
971 3167 1149 3232 Brodaeus.
1187 3164 1272 3231 Cod.
1294 3162 1356 3230 ὑπ-

354 3280 526 3368 ορροφίας.
552 3278 606 3344 De
621 3301 683 3365 qua
696 3279 800 3344 forma
814 3299 931 3344 vereor
944 3288 981 3344 ut
994 3289 1082 3343 recte
1096 3287 1213 3343 statuat
1225 3277 1356 3343 Schnei-

354 3389 498 3456 dewiuus
521 3390 640 3456 Simon.
663 3414 695 3478 p.
720 3392 793 3456 189.

441 3501 498 3566 lv.
535 3503 593 3567 Vs.
616 3504 638 3567 2
665 3502 837 3567 Jacobsius
862 3495 1094 3567 ιτολοκλαύτοο.
1149 3499 1233 3566 Cod.
1254 3494 1357 3565 πολύ·
1406 3569 1409 3575 ,

353 3611 504 3690 κλαντον,
525 3611 718 3701 lacrymis
740 3613 909 3703 dignum.
942 3611 1042 3697 Quod
1060 3614 1189 3678 minime
1203 3612 1356 3699 ineptum.

354 3723 452 3794 vat.
474 3720 545 3787 cod.
568 3725 693 3811 λοίμης.
739 3724 890 3791 Correxit
910 3721 1098 3789 Dorvillius.

442 3834 484 3898 V.
521 3836 617 3902 Vs2
639 3832 863 3928 ἐφεσσάμενος
884 3838 995 3923 scripsi
1015 3857 1077 3922 pro
1100 3830 1329 3921 λοεσσάμενος.

442 3945 632 4013 V1.'Vs.6
655 3948 727 4014 cod.
750 3953 795 4025 ελς
815 3949 939 4038 έριφον.
973 3948 1032 4012 vs.
1050 3950 1068 4013 7
1093 3946 1165 4012 eod.
1187 3940 1271 4036 πρὸς
1293 3942 1357 4024 ξεί-

355 4078 431 4123 νιον.
476 4055 626 4126 Correxit
645 4062 677 4126 J.
701 4059 742 4128 G.
765 4058 987 4127 Schneiderus.
