<?xml version="1.0" encoding="UTF-8"?>
<!DOCTYPE html PUBLIC "-//W3C//DTD XHTML 1.0 Transitional//EN"
    "http://www.w3.org/TR/xhtml1/DTD/xhtml1-transitional.dtd">
<html xmlns="http://www.w3.org/1999/xhtml" xml:lang="en" lang="en">
 <head>
  <title>
</title>
<meta http-equiv="Content-Type" content="text/html;charset=utf-8" />
  <meta name='ocr-system' content='tesseract 3.04.00' />
  <meta name='ocr-capabilities' content='ocr_page ocr_carea ocr_par ocr_line ocrx_word'/>
</head>
<body>
  <div class='ocr_page' id='page_1' title='image "./delectuspoetaru00meingoog_0043.png"; bbox 0 0 3016 4808; ppageno 0'>
   <div class='ocr_carea' id='block_1_1' title="bbox 327 465 1073 520">
    <p class='ocr_par' dir='ltr' id='par_1_1' title="bbox 327 465 1073 520">
     <span class='ocr_line' id='line_1_1' title="bbox 327 465 1073 520; baseline -0.008 0"><span class='ocrx_word' id='word_1_1' title='bbox 327 465 366 520; x_wconf 76' lang='grc' dir='ltr'><strong><em>δέ)</em></strong></span> <span class='ocrx_word' id='word_1_2' title='bbox 587 465 777 517; x_wconf 77' lang='grc' dir='ltr'>ΛΕΩΝῙΔΑ</span> <span class='ocrx_word' id='word_1_3' title='bbox 801 466 1073 516; x_wconf 77' lang='lat' dir='ltr'><strong><em>TAPAN&#39;I&#39;INOY</em></strong></span> 
     </span>
    </p>
   </div>
   <div class='ocr_carea' id='block_1_2' title="bbox 327 649 1224 1184">
    <p class='ocr_par' dir='ltr' id='par_1_2' title="bbox 327 649 1224 1184">
     <span class='ocr_line' id='line_1_2' title="bbox 780 649 878 716; baseline -0.02 0"><span class='ocrx_word' id='word_1_4' title='bbox 780 649 878 716; x_wconf 84' lang='lat' dir='ltr'>XXII.</span> 
     </span>
     <span class='ocr_line' id='line_1_3' title="bbox 327 754 1224 850; baseline -0.002 -22"><span class='ocrx_word' id='word_1_5' title='bbox 327 757 428 828; x_wconf 85' lang='grc' dir='ltr'><strong><em>Ὀκτῶ</em></strong></span> <span class='ocrx_word' id='word_1_6' title='bbox 449 785 502 828; x_wconf 91' lang='grc' dir='ltr'><strong><em>τοι</em></strong></span> <span class='ocrx_word' id='word_1_7' title='bbox 521 757 680 849; x_wconf 83' lang='grc' dir='ltr'><strong><em>θυρεούς,</em></strong></span> <span class='ocrx_word' id='word_1_8' title='bbox 702 754 786 826; x_wconf 86' lang='grc' dir='ltr'><strong><em>ὀκτῶ</em></strong></span> <span class='ocrx_word' id='word_1_9' title='bbox 808 756 927 850; x_wconf 80' lang='grc' dir='ltr'><em>κράνη,</em></span> <span class='ocrx_word' id='word_1_10' title='bbox 950 755 1033 827; x_wconf 86' lang='grc' dir='ltr'><strong><em>ὀκτῶ</em></strong></span> <span class='ocrx_word' id='word_1_11' title='bbox 1056 755 1224 849; x_wconf 80' lang='grc' dir='ltr'><strong><em>ὑφαντοός</em></strong></span> 
     </span>
     <span class='ocr_line' id='line_1_4' title="bbox 373 867 1102 963; baseline -0.001 -25"><span class='ocrx_word' id='word_1_12' title='bbox 373 867 546 963; x_wconf 78' lang='grc' dir='ltr'><em>θώρηκας,</em></span> <span class='ocrx_word' id='word_1_13' title='bbox 568 867 691 950; x_wconf 84' lang='grc' dir='ltr'><strong><em>τόσσας</em></strong></span> <span class='ocrx_word' id='word_1_14' title='bbox 712 869 747 937; x_wconf 82' lang='grc' dir='ltr'><strong><em>θ’</em></strong></span> <span class='ocrx_word' id='word_1_15' title='bbox 773 873 935 959; x_wconf 87' lang='grc' dir='ltr'><strong><em>αίμαλέας</em></strong></span> <span class='ocrx_word' id='word_1_16' title='bbox 955 871 1102 949; x_wconf 85' lang='grc' dir='ltr'><strong><em>κοπίδας,</em></strong></span> 
     </span>
     <span class='ocr_line' id='line_1_5' title="bbox 329 976 1199 1074; baseline 0.001 -26"><span class='ocrx_word' id='word_1_17' title='bbox 329 980 416 1050; x_wconf 80' lang='grc' dir='ltr'><strong><em>ταῦτ’</em></strong></span> <span class='ocrx_word' id='word_1_18' title='bbox 441 978 510 1050; x_wconf 81' lang='grc' dir='ltr'><strong><em>ἀπὸ</em></strong></span> <span class='ocrx_word' id='word_1_19' title='bbox 531 983 714 1050; x_wconf 80' lang='grc' dir='ltr'><strong><em>Λευκανῶν</em></strong></span> <span class='ocrx_word' id='word_1_20' title='bbox 734 983 941 1074; x_wconf 79' lang='grc' dir='ltr'><strong><em>Κορυφασίηι</em></strong></span> <span class='ocrx_word' id='word_1_21' title='bbox 962 979 1037 1049; x_wconf 79' lang='grc' dir='ltr'><strong><em>έντέ</em></strong></span> <span class='ocrx_word' id='word_1_22' title='bbox 1060 976 1199 1068; x_wconf 83' lang='grc' dir='ltr'><strong><em>Ἀθοίνηι</em></strong></span> 
     </span>
     <span class='ocr_line' id='line_1_6' title="bbox 366 1088 1173 1184; baseline -0.002 -24"><span class='ocrx_word' id='word_1_23' title='bbox 366 1091 497 1181; x_wconf 75' lang='grc' dir='ltr'><strong><em>’Ἅγνων</em></strong></span> <span class='ocrx_word' id='word_1_24' title='bbox 518 1088 695 1172; x_wconf 78' lang='grc' dir='ltr'><strong><em>Εὐάνθεος</em></strong></span> <span class='ocrx_word' id='word_1_25' title='bbox 715 1091 794 1180; x_wconf 80' lang='grc' dir='ltr'><strong><em>θῆχ’</em></strong></span> <span class='ocrx_word' id='word_1_26' title='bbox 821 1091 839 1161; x_wconf 91' lang='grc' dir='ltr'>ὁ</span> <span class='ocrx_word' id='word_1_27' title='bbox 861 1090 1072 1181; x_wconf 83' lang='grc' dir='ltr'><strong><em>βιαιομιίχας.</em></strong></span> <span class='ocrx_word' id='word_1_28' title='bbox 1169 1176 1173 1184; x_wconf 28' lang='grc' dir='ltr'>Ι</span> 
     </span>
    </p>
   </div>
   <div class='ocr_carea' id='block_1_3' title="bbox 328 1241 1273 1778">
    <p class='ocr_par' dir='ltr' id='par_1_3' title="bbox 328 1241 1273 1778">
     <span class='ocr_line' id='line_1_7' title="bbox 771 1241 885 1307; baseline -0.018 1"><span class='ocrx_word' id='word_1_29' title='bbox 771 1241 885 1307; x_wconf 87' lang='lat' dir='ltr'>XXIII.</span> 
     </span>
     <span class='ocr_line' id='line_1_8' title="bbox 328 1347 1228 1442; baseline 0.001 -25"><span class='ocrx_word' id='word_1_30' title='bbox 328 1350 409 1419; x_wconf 84' lang='grc' dir='ltr'><strong><em>Αἴδ</em></strong></span> <span class='ocrx_word' id='word_1_31' title='bbox 435 1347 502 1419; x_wconf 81' lang='grc' dir='ltr'><strong><em>ἀπὸ</em></strong></span> <span class='ocrx_word' id='word_1_32' title='bbox 524 1353 707 1418; x_wconf 80' lang='grc' dir='ltr'><strong><em>Λευκανῶν</em></strong></span> <span class='ocrx_word' id='word_1_33' title='bbox 728 1347 965 1442; x_wconf 83' lang='grc' dir='ltr'><strong><em>θυρεόσπιδες,</em></strong></span> <span class='ocrx_word' id='word_1_34' title='bbox 988 1355 1021 1418; x_wconf 91' lang='grc' dir='ltr'><strong><em>οί</em></strong></span> <span class='ocrx_word' id='word_1_35' title='bbox 1042 1352 1078 1417; x_wconf 82' lang='grc' dir='ltr'><strong><em>δέ</em></strong></span> <span class='ocrx_word' id='word_1_36' title='bbox 1096 1353 1228 1437; x_wconf 90' lang='grc' dir='ltr'><strong><em>χαλινοί</em></strong></span> 
     </span>
     <span class='ocr_line' id='line_1_9' title="bbox 374 1457 1104 1555; baseline -0.007 -23"><span class='ocrx_word' id='word_1_37' title='bbox 374 1457 548 1550; x_wconf 79' lang='grc' dir='ltr'><strong><em>στοιχηδὸν</em></strong></span> <span class='ocrx_word' id='word_1_38' title='bbox 569 1462 682 1544; x_wconf 80' lang='grc' dir='ltr'><strong><em>ξεσταί</em></strong></span> <span class='ocrx_word' id='word_1_39' title='bbox 702 1460 726 1528; x_wconf 91' lang='grc' dir='ltr'><strong><em>τ’</em></strong></span> <span class='ocrx_word' id='word_1_40' title='bbox 753 1461 940 1555; x_wconf 80' lang='grc' dir='ltr'><em>ἀμφίβολοι</em></span> <span class='ocrx_word' id='word_1_41' title='bbox 959 1457 1104 1548; x_wconf 80' lang='grc' dir='ltr'><strong><em>κάμακες</em></strong></span> 
     </span>
     <span class='ocr_line' id='line_1_10' title="bbox 330 1568 1273 1664; baseline -0.005 -21"><span class='ocrx_word' id='word_1_42' title='bbox 330 1576 521 1664; x_wconf 85' lang='grc' dir='ltr'><strong><em>δέδμηνται,</em></strong></span> <span class='ocrx_word' id='word_1_43' title='bbox 543 1578 732 1642; x_wconf 79' lang='grc' dir='ltr'><strong><em>ποθέουσα</em></strong></span> <span class='ocrx_word' id='word_1_44' title='bbox 753 1571 843 1661; x_wconf 85' lang='grc' dir='ltr'><strong><em>ὁμῶς</em></strong></span> <span class='ocrx_word' id='word_1_45' title='bbox 864 1577 984 1652; x_wconf 84' lang='grc' dir='ltr'><strong><em>ίππους</em></strong></span> <span class='ocrx_word' id='word_1_46' title='bbox 1004 1597 1039 1640; x_wconf 88' lang='grc' dir='ltr'><strong><em>τε</em></strong></span> <span class='ocrx_word' id='word_1_47' title='bbox 1061 1576 1118 1641; x_wconf 88' lang='grc' dir='ltr'><strong><em>καὶ</em></strong></span> <span class='ocrx_word' id='word_1_48' title='bbox 1140 1568 1273 1663; x_wconf 80' lang='grc' dir='ltr'><strong><em>ἄνδρας,</em></strong></span> 
     </span>
     <span class='ocr_line' id='line_1_11' title="bbox 373 1681 1263 1778; baseline -0.003 -26"><span class='ocrx_word' id='word_1_49' title='bbox 373 1681 547 1752; x_wconf 76' lang='grc' dir='ltr'><strong><em>Παλλάδι·</em></strong></span> <span class='ocrx_word' id='word_1_50' title='bbox 569 1681 695 1764; x_wconf 81' lang='grc' dir='ltr'><strong><em>τούςδ</em></strong></span> <span class='ocrx_word' id='word_1_51' title='bbox 723 1683 741 1752; x_wconf 88' lang='grc' dir='ltr'><strong><em>ό</em></strong></span> <span class='ocrx_word' id='word_1_52' title='bbox 764 1687 866 1771; x_wconf 80' lang='grc' dir='ltr'><strong><em>μέλας</em></strong></span> <span class='ocrx_word' id='word_1_53' title='bbox 887 1682 1079 1778; x_wconf 81' lang='grc' dir='ltr'><strong><em>ἀμφέχανεν</em></strong></span> <span class='ocrx_word' id='word_1_54' title='bbox 1100 1681 1263 1762; x_wconf 75' lang='grc' dir='ltr'><strong><em>θάνατος.</em></strong></span> 
     </span>
    </p>
   </div>
   <div class='ocr_carea' id='block_1_4' title="bbox 328 1831 1193 2814">
    <p class='ocr_par' dir='ltr' id='par_1_4' title="bbox 328 1831 1193 2814">
     <span class='ocr_line' id='line_1_12' title="bbox 772 1831 889 1898; baseline -0.017 0"><span class='ocrx_word' id='word_1_55' title='bbox 772 1831 889 1898; x_wconf 86' lang='lat' dir='ltr'>XXIV.</span> 
     </span>
     <span class='ocr_line' id='line_1_13' title="bbox 328 1936 1189 2032; baseline -0.001 -23"><span class='ocrx_word' id='word_1_56' title='bbox 328 1940 503 2030; x_wconf 78' lang='grc' dir='ltr'><strong><em>Εἰκαμπὲς</em></strong></span> <span class='ocrx_word' id='word_1_57' title='bbox 525 1936 702 2032; x_wconf 77' lang='grc' dir='ltr'><strong><em>ἄγκιστρον</em></strong></span> <span class='ocrx_word' id='word_1_58' title='bbox 723 1947 779 2010; x_wconf 88' lang='grc' dir='ltr'><strong><em>καὶ</em></strong></span> <span class='ocrx_word' id='word_1_59' title='bbox 802 1939 949 2031; x_wconf 77' lang='grc' dir='ltr'><strong><em>δούρατα</em></strong></span> <span class='ocrx_word' id='word_1_60' title='bbox 970 1938 1189 2030; x_wconf 84' lang='grc' dir='ltr'><strong><em>δουλιχόεντα,</em></strong></span> 
     </span>
     <span class='ocr_line' id='line_1_14' title="bbox 369 2048 1085 2144; baseline -0.001 -24"><span class='ocrx_word' id='word_1_61' title='bbox 369 2050 518 2144; x_wconf 82' lang='grc' dir='ltr'><strong><em>χῶρμιὴν</em></strong></span> <span class='ocrx_word' id='word_1_62' title='bbox 538 2057 594 2120; x_wconf 88' lang='grc' dir='ltr'><strong><em>καὶ</em></strong></span> <span class='ocrx_word' id='word_1_63' title='bbox 615 2048 675 2132; x_wconf 75' lang='grc' dir='ltr'><strong><em>τοὶς</em></strong></span> <span class='ocrx_word' id='word_1_64' title='bbox 697 2050 895 2141; x_wconf 83' lang='grc' dir='ltr'><strong><em>ίχθυδόκους</em></strong></span> <span class='ocrx_word' id='word_1_65' title='bbox 917 2055 1085 2144; x_wconf 74' lang='grc' dir='ltr'><strong><em>σπυρίδας,</em></strong></span> 
     </span>
     <span class='ocr_line' id='line_1_15' title="bbox 328 2162 1172 2253; baseline -0.005 -19"><span class='ocrx_word' id='word_1_66' title='bbox 328 2171 386 2234; x_wconf 88' lang='grc' dir='ltr'><strong><em>καὶ</em></strong></span> <span class='ocrx_word' id='word_1_67' title='bbox 407 2170 525 2234; x_wconf 86' lang='grc' dir='ltr'><strong><em>τοῦτον</em></strong></span> <span class='ocrx_word' id='word_1_68' title='bbox 545 2164 781 2247; x_wconf 75' lang='grc' dir='ltr'><strong><em>νηκτοῖσινέιί</em></strong></span> <span class='ocrx_word' id='word_1_69' title='bbox 805 2162 922 2253; x_wconf 80' lang='grc' dir='ltr'><strong><em>ίχθόσι</em></strong></span> <span class='ocrx_word' id='word_1_70' title='bbox 942 2168 1172 2252; x_wconf 88' lang='grc' dir='ltr'><strong><em>τεχνασθέντα</em></strong></span> 
     </span>
     <span class='ocr_line' id='line_1_16' title="bbox 371 2270 1135 2367; baseline -0.004 -22"><span class='ocrx_word' id='word_1_71' title='bbox 371 2274 504 2367; x_wconf 83' lang='grc' dir='ltr'><strong><em>κύρτον,</em></strong></span> <span class='ocrx_word' id='word_1_72' title='bbox 526 2272 755 2362; x_wconf 83' lang='grc' dir='ltr'><strong><em>ἁλιπλοίχκτων</em></strong></span> <span class='ocrx_word' id='word_1_73' title='bbox 777 2270 905 2364; x_wconf 80' lang='grc' dir='ltr'><strong><em>ἄρμενα</em></strong></span> <span class='ocrx_word' id='word_1_74' title='bbox 927 2273 1135 2364; x_wconf 78' lang='grc' dir='ltr'><strong><em>δικτυβόλαν,</em></strong></span> 
     </span>
     <span class='ocr_line' id='line_1_17' title="bbox 328 2384 1113 2478; baseline -0.003 -22"><span class='ocrx_word' id='word_1_75' title='bbox 328 2384 449 2478; x_wconf 82' lang='grc' dir='ltr'><strong><em>τρηχύν</em></strong></span> <span class='ocrx_word' id='word_1_76' title='bbox 471 2413 505 2456; x_wconf 87' lang='grc' dir='ltr'><strong><em>τε</em></strong></span> <span class='ocrx_word' id='word_1_77' title='bbox 526 2384 716 2478; x_wconf 91' lang='grc' dir='ltr'><strong><em>τριόδοντα,</em></strong></span> <span class='ocrx_word' id='word_1_78' title='bbox 738 2384 991 2456; x_wconf 88' lang='grc' dir='ltr'><strong><em>Ποσειδαῶνιον</em></strong></span> <span class='ocrx_word' id='word_1_79' title='bbox 1012 2390 1113 2475; x_wconf 86' lang='grc' dir='ltr'><strong><em>έχχος,</em></strong></span> 
     </span>
     <span class='ocr_line' id='line_1_18' title="bbox 371 2495 1096 2589; baseline -0.004 -22"><span class='ocrx_word' id='word_1_80' title='bbox 371 2503 427 2567; x_wconf 89' lang='grc' dir='ltr'><strong><em>καὶ</em></strong></span> <span class='ocrx_word' id='word_1_81' title='bbox 449 2495 526 2578; x_wconf 77' lang='grc' dir='ltr'><strong><em>τοὺς</em></strong></span> <span class='ocrx_word' id='word_1_82' title='bbox 547 2498 583 2580; x_wconf 82' lang='grc' dir='ltr'><strong><em>έξ</em></strong></span> <span class='ocrx_word' id='word_1_83' title='bbox 604 2496 736 2567; x_wconf 81' lang='grc' dir='ltr'><strong><em>ἀκάτων</em></strong></span> <span class='ocrx_word' id='word_1_84' title='bbox 758 2501 954 2587; x_wconf 83' lang='grc' dir='ltr'><strong><em>διχθαδίους</em></strong></span> <span class='ocrx_word' id='word_1_85' title='bbox 974 2503 1096 2589; x_wconf 87' lang='grc' dir='ltr'><strong><em>έρέτας,</em></strong></span> 
     </span>
     <span class='ocr_line' id='line_1_19' title="bbox 328 2606 1193 2703; baseline -0.002 -24"><span class='ocrx_word' id='word_1_86' title='bbox 328 2611 347 2679; x_wconf 89' lang='grc' dir='ltr'><strong><em>ό</em></strong></span> <span class='ocrx_word' id='word_1_87' title='bbox 369 2606 502 2701; x_wconf 79' lang='grc' dir='ltr'><strong><em>χριπεός</em></strong></span> <span class='ocrx_word' id='word_1_88' title='bbox 522 2608 710 2703; x_wconf 81' lang='grc' dir='ltr'><strong><em>Διόφαντος</em></strong></span> <span class='ocrx_word' id='word_1_89' title='bbox 732 2608 892 2701; x_wconf 80' lang='grc' dir='ltr'><strong><em>ἀνάκτορι</em></strong></span> <span class='ocrx_word' id='word_1_90' title='bbox 912 2606 1047 2693; x_wconf 82' lang='grc' dir='ltr'><strong><em>θήκατο</em></strong></span> <span class='ocrx_word' id='word_1_91' title='bbox 1069 2614 1193 2697; x_wconf 79' lang='grc' dir='ltr'><strong><em>τέχνας,</em></strong></span> 
     </span>
     <span class='ocr_line' id='line_1_20' title="bbox 372 2718 1112 2814; baseline 0.001 -25"><span class='ocrx_word' id='word_1_92' title='bbox 372 2721 416 2802; x_wconf 87' lang='grc' dir='ltr'><strong><em>ῶς</em></strong></span> <span class='ocrx_word' id='word_1_93' title='bbox 436 2725 550 2810; x_wconf 83' lang='grc' dir='ltr'><strong><em>θέμις,</em></strong></span> <span class='ocrx_word' id='word_1_94' title='bbox 576 2721 718 2814; x_wconf 83' lang='grc' dir='ltr'><strong><em>ἀρχαίας</em></strong></span> <span class='ocrx_word' id='word_1_95' title='bbox 739 2725 887 2814; x_wconf 78' lang='grc' dir='ltr'><strong><em>λείψανα</em></strong></span> <span class='ocrx_word' id='word_1_96' title='bbox 907 2718 1112 2810; x_wconf 83' lang='grc' dir='ltr'><strong><em>τεχνοσόνας.</em></strong></span> 
     </span>
    </p>
   </div>
   <div class='ocr_carea' id='block_1_5' title="bbox 777 2863 879 2936">
    <p class='ocr_par' dir='ltr' id='par_1_5' title="bbox 777 2863 879 2936">
     <span class='ocr_line' id='line_1_21' title="bbox 777 2863 879 2936; baseline 0 -1"><span class='ocrx_word' id='word_1_97' title='bbox 777 2863 879 2936; x_wconf 65' lang='lat' dir='ltr'>XXVss</span> 
     </span>
    </p>
   </div>
   <div class='ocr_carea' id='block_1_6' title="bbox 324 2977 1230 3408">
    <p class='ocr_par' dir='ltr' id='par_1_6' title="bbox 324 2977 1230 3182">
     <span class='ocr_line' id='line_1_22' title="bbox 324 2977 1230 3074; baseline 0.001 -27"><span class='ocrx_word' id='word_1_98' title='bbox 324 2979 547 3073; x_wconf 81' lang='grc' dir='ltr'><strong><em>Ἀμφοτίραις</em></strong></span> <span class='ocrx_word' id='word_1_99' title='bbox 569 2978 642 3068; x_wconf 87' lang='grc' dir='ltr'><strong><em>παρ’</em></strong></span> <span class='ocrx_word' id='word_1_100' title='bbox 669 2979 778 3050; x_wconf 82' lang='grc' dir='ltr'><strong><em>ὁδοῖσι</em></strong></span> <span class='ocrx_word' id='word_1_101' title='bbox 799 2977 910 3074; x_wconf 83' lang='grc' dir='ltr'><strong><em>φύλαξ</em></strong></span> <span class='ocrx_word' id='word_1_102' title='bbox 932 2987 1052 3063; x_wconf 72' lang='grc' dir='ltr'><strong><em>ἕστηκα</em></strong></span> <span class='ocrx_word' id='word_1_103' title='bbox 1074 2984 1230 3072; x_wconf 86' lang='grc' dir='ltr'><strong><em>Πρίηπος</em></strong></span> 
     </span>
     <span class='ocr_line' id='line_1_23' title="bbox 370 3088 1033 3182; baseline 0.002 -23"><span class='ocrx_word' id='word_1_104' title='bbox 370 3095 520 3171; x_wconf 82' lang='grc' dir='ltr'><strong><em>ίθυτενὲς</em></strong></span> <span class='ocrx_word' id='word_1_105' title='bbox 540 3093 654 3182; x_wconf 83' lang='grc' dir='ltr'><strong><em>μηρῶν</em></strong></span> <span class='ocrx_word' id='word_1_106' title='bbox 676 3089 847 3180; x_wconf 80' lang='grc' dir='ltr'><strong><em>όρθιοίσας</em></strong></span> <span class='ocrx_word' id='word_1_107' title='bbox 868 3088 1033 3179; x_wconf 86' lang='grc' dir='ltr'><strong><em>ῥόπαλον·</em></strong></span> 
     </span>
    </p>

    <p class='ocr_par' dir='ltr' id='par_1_7' title="bbox 327 3197 1226 3408">
     <span class='ocr_line' id='line_1_24' title="bbox 327 3197 1226 3295; baseline 0.002 -25"><span class='ocrx_word' id='word_1_108' title='bbox 327 3207 440 3271; x_wconf 84' lang='grc' dir='ltr'><strong><em>εἴσατο</em></strong></span> <span class='ocrx_word' id='word_1_109' title='bbox 462 3197 526 3289; x_wconf 75' lang='grc' dir='ltr'><strong><em>χοὶρ</em></strong></span> <span class='ocrx_word' id='word_1_110' title='bbox 549 3199 667 3271; x_wconf 92' lang='grc' dir='ltr'><strong><em>πιστόν</em></strong></span> <span class='ocrx_word' id='word_1_111' title='bbox 688 3229 729 3292; x_wconf 93' lang='grc' dir='ltr'><strong><em>με</em></strong></span> <span class='ocrx_word' id='word_1_112' title='bbox 756 3199 939 3295; x_wconf 80' lang='grc' dir='ltr'><strong><em>Θεόκριτος.</em></strong></span> <span class='ocrx_word' id='word_1_113' title='bbox 963 3201 1031 3271; x_wconf 79' lang='grc' dir='ltr'><strong><em>ἀλλ’</em></strong></span> <span class='ocrx_word' id='word_1_114' title='bbox 1057 3203 1226 3285; x_wconf 85' lang='grc' dir='ltr'><strong><em>ἀποτηλοῦ</em></strong></span> 
     </span>
     <span class='ocr_line' id='line_1_25' title="bbox 372 3309 1188 3408; baseline 0 -27"><span class='ocrx_word' id='word_1_115' title='bbox 372 3309 445 3407; x_wconf 78' lang='grc' dir='ltr'><strong><em>φῶρ</em></strong></span> <span class='ocrx_word' id='word_1_116' title='bbox 466 3313 535 3395; x_wconf 80' lang='grc' dir='ltr'><strong><em>ἰ’θι,</em></strong></span> <span class='ocrx_word' id='word_1_117' title='bbox 557 3309 605 3402; x_wconf 81' lang='grc' dir='ltr'><strong><em>μὴ</em></strong></span> <span class='ocrx_word' id='word_1_118' title='bbox 625 3312 766 3408; x_wconf 82' lang='grc' dir='ltr'><strong><em>κλαόσης</em></strong></span> <span class='ocrx_word' id='word_1_119' title='bbox 787 3311 850 3399; x_wconf 80' lang='grc' dir='ltr'><strong><em>την</em></strong></span> <span class='ocrx_word' id='word_1_120' title='bbox 872 3316 982 3407; x_wconf 77' lang='grc' dir='ltr'><strong><em>φλέβα</em></strong></span> <span class='ocrx_word' id='word_1_121' title='bbox 1004 3312 1188 3402; x_wconf 85' lang='grc' dir='ltr'><strong><em>δεξόμενος.</em></strong></span> 
     </span>
    </p>
   </div>
   <div class='ocr_carea' id='block_1_7' title="bbox 332 3459 1307 3778">
    <p class='ocr_par' dir='ltr' id='par_1_8' title="bbox 332 3459 1307 3778">
     <span class='ocr_line' id='line_1_26' title="bbox 769 3459 885 3529; baseline 0.009 -1"><span class='ocrx_word' id='word_1_122' title='bbox 769 3459 885 3529; x_wconf 87' lang='lat' dir='ltr'>XXVI.</span> 
     </span>
     <span class='ocr_line' id='line_1_27' title="bbox 332 3569 1307 3664; baseline -0.001 -25"><span class='ocrx_word' id='word_1_123' title='bbox 332 3575 403 3640; x_wconf 84' lang='grc' dir='ltr'><strong><em>Τῶν</em></strong></span> <span class='ocrx_word' id='word_1_124' title='bbox 425 3575 527 3660; x_wconf 86' lang='grc' dir='ltr'><strong><em>αλχῶν</em></strong></span> <span class='ocrx_word' id='word_1_125' title='bbox 549 3571 568 3640; x_wconf 88' lang='grc' dir='ltr'>ὁ</span> <span class='ocrx_word' id='word_1_126' title='bbox 591 3569 709 3662; x_wconf 78' lang='grc' dir='ltr'><strong><em>νομεὺς</em></strong></span> <span class='ocrx_word' id='word_1_127' title='bbox 732 3569 883 3664; x_wconf 89' lang='grc' dir='ltr'><strong><em>Μόριχος</em></strong></span> <span class='ocrx_word' id='word_1_128' title='bbox 904 3569 964 3641; x_wconf 83' lang='grc' dir='ltr'><strong><em>τόν</em></strong></span> <span class='ocrx_word' id='word_1_129' title='bbox 986 3576 1164 3641; x_wconf 83' lang='grc' dir='ltr'><strong><em>ἐπίσκοπον</em></strong></span> <span class='ocrx_word' id='word_1_130' title='bbox 1181 3569 1307 3660; x_wconf 85' lang='grc' dir='ltr'><strong><em>Ἑρμῶν</em></strong></span> 
     </span>
     <span class='ocr_line' id='line_1_28' title="bbox 370 3680 1020 3778; baseline -0.002 -27"><span class='ocrx_word' id='word_1_131' title='bbox 370 3682 475 3751; x_wconf 78' lang='grc' dir='ltr'><strong><em>έστασ</em></strong></span> <span class='ocrx_word' id='word_1_132' title='bbox 502 3688 660 3754; x_wconf 82' lang='grc' dir='ltr'><strong><em>αὶπολίων</em></strong></span> <span class='ocrx_word' id='word_1_133' title='bbox 684 3680 856 3774; x_wconf 81' lang='grc' dir='ltr'><strong><em>εὐδόκιμον</em></strong></span> <span class='ocrx_word' id='word_1_134' title='bbox 877 3682 1020 3778; x_wconf 81' lang='grc' dir='ltr'><strong><em>φύλακα.</em></strong></span> 
     </span>
    </p>
   </div>
   <div class='ocr_carea' id='block_1_8' title="bbox 326 3915 1327 4165">
    <p class='ocr_par' dir='ltr' id='par_1_9' title="bbox 326 3915 1327 4165">
     <span class='ocr_line' id='line_1_29' title="bbox 395 3915 1327 3994; baseline 0.004 -21"><span class='ocrx_word' id='word_1_135' title='bbox 395 3915 481 3974; x_wconf 85' lang='lat' dir='ltr'>XXII.</span> <span class='ocrx_word' id='word_1_136' title='bbox 503 3915 559 3976; x_wconf 77' lang='lat' dir='ltr'>Pal.</span> <span class='ocrx_word' id='word_1_137' title='bbox 572 3919 623 3988; x_wconf 87' lang='lat' dir='ltr'><strong><em>VI,</em></strong></span> <span class='ocrx_word' id='word_1_138' title='bbox 645 3924 701 3978; x_wconf 74' lang='lat'><strong><em>129.</em></strong></span> <span class='ocrx_word' id='word_1_139' title='bbox 725 3920 919 3994; x_wconf 68' lang='grc' dir='ltr'><strong><em>λὀ.4”Λχνοιν</em></strong></span> <span class='ocrx_word' id='word_1_140' title='bbox 943 3930 971 3976; x_wconf 82' lang='lat' dir='ltr'><strong><em>et</em></strong></span> <span class='ocrx_word' id='word_1_141' title='bbox 988 3920 1152 3994; x_wconf 79' lang='grc' dir='ltr'><strong><em>βιαιομόχος.</em></strong></span> <span class='ocrx_word' id='word_1_142' title='bbox 1172 3953 1205 3965; x_wconf 92' lang='lat'><strong><em>·-</em></strong></span> <span class='ocrx_word' id='word_1_143' title='bbox 1229 3919 1327 3977; x_wconf 86' lang='lat' dir='ltr'>XXIII.</span> 
     </span>
     <span class='ocr_line' id='line_1_30' title="bbox 326 4002 1327 4074; baseline 0.003 -15"><span class='ocrx_word' id='word_1_144' title='bbox 326 4003 381 4060; x_wconf 75' lang='lat' dir='ltr'><strong><em>Pal.</em></strong></span> <span class='ocrx_word' id='word_1_145' title='bbox 394 4002 443 4072; x_wconf 82' lang='lat' dir='ltr'><strong><em>vl,</em></strong></span> <span class='ocrx_word' id='word_1_146' title='bbox 463 4005 522 4062; x_wconf 84' lang='lat'><strong><em>131.</em></strong></span> <span class='ocrx_word' id='word_1_147' title='bbox 546 4005 595 4062; x_wconf 83' lang='lat' dir='ltr'><strong><em>Vs.</em></strong></span> <span class='ocrx_word' id='word_1_148' title='bbox 610 4009 624 4061; x_wconf 96' lang='lat' dir='ltr'>l</span> <span class='ocrx_word' id='word_1_149' title='bbox 645 4006 703 4063; x_wconf 62' lang='lat'><strong><em>026²</em></strong></span> <span class='ocrx_word' id='word_1_150' title='bbox 725 4006 778 4063; x_wconf 74' lang='grc' dir='ltr'><strong><em>ἀπὸ</em></strong></span> <span class='ocrx_word' id='word_1_151' title='bbox 796 4005 876 4064; x_wconf 60' lang='lat' dir='ltr'><strong><em>Vm</em></strong></span> <span class='ocrx_word' id='word_1_152' title='bbox 894 4014 981 4069; x_wconf 72' lang='grc' dir='ltr'><strong><em>ξεστοί</em></strong></span> <span class='ocrx_word' id='word_1_153' title='bbox 999 4040 1030 4050; x_wconf 94' lang='grc'>-</span> <span class='ocrx_word' id='word_1_154' title='bbox 1049 4005 1149 4064; x_wconf 86' lang='lat' dir='ltr'>XXIV.</span> <span class='ocrx_word' id='word_1_155' title='bbox 1167 4005 1223 4063; x_wconf 75' lang='lat' dir='ltr'>Pal.</span> <span class='ocrx_word' id='word_1_156' title='bbox 1236 4006 1283 4074; x_wconf 85' lang='lat' dir='ltr'><strong><em>VI,</em></strong></span> <span class='ocrx_word' id='word_1_157' title='bbox 1301 4010 1327 4063; x_wconf 77' lang='lat'><strong><em>4.</em></strong></span> 
     </span>
     <span class='ocr_line' id='line_1_31' title="bbox 327 4089 1309 4165; baseline -0.002 -17"><span class='ocrx_word' id='word_1_158' title='bbox 327 4089 402 4147; x_wconf 66' lang='lat' dir='ltr'>le</span> <span class='ocrx_word' id='word_1_159' title='bbox 421 4090 482 4149; x_wconf 81' lang='lat' dir='ltr'>fort.</span> <span class='ocrx_word' id='word_1_160' title='bbox 502 4093 647 4165; x_wconf 80' lang='grc' dir='ltr'><strong><em>Καμπύλον</em></strong></span> <span class='ocrx_word' id='word_1_161' title='bbox 667 4123 700 4133; x_wconf 93' lang='grc'>-</span> <span class='ocrx_word' id='word_1_162' title='bbox 718 4090 805 4151; x_wconf 80' lang='lat' dir='ltr'>XXV.</span> <span class='ocrx_word' id='word_1_163' title='bbox 825 4092 899 4150; x_wconf 79' lang='lat' dir='ltr'>Plan.</span> <span class='ocrx_word' id='word_1_164' title='bbox 911 4095 972 4150; x_wconf 78' lang='grc'><strong>261.</strong></span> <span class='ocrx_word' id='word_1_165' title='bbox 993 4125 1024 4136; x_wconf 97' lang='grc'>-</span> <span class='ocrx_word' id='word_1_166' title='bbox 1044 4090 1142 4150; x_wconf 77' lang='lat' dir='ltr'>XXVI.</span> <span class='ocrx_word' id='word_1_167' title='bbox 1161 4091 1235 4148; x_wconf 75' lang='lat' dir='ltr'>Plan.</span> <span class='ocrx_word' id='word_1_168' title='bbox 1250 4094 1309 4147; x_wconf 86' lang='grc'><strong>190.</strong></span> 
     </span>
    </p>
   </div>
   <div class='ocr_carea' id='block_1_9' title="bbox 0 0 1513 4808">
    <p class='ocr_par' dir='ltr' id='par_1_10' title="bbox 0 0 1513 4808">
     <span class='ocr_line' id='line_1_32' title="bbox 0 0 1513 4808; baseline 0 0"><span class='ocrx_word' id='word_1_169' title='bbox 0 0 1513 4808; x_wconf 95' lang='lat' dir='ltr'><strong><em> </em></strong></span> 
     </span>
    </p>
   </div>
  </div>
 </body>
</html>
