3028 4826
484 1369 682 1422 meaea
698 1369 755 1422 rar.
767 1369 804 1438 v,
820 1363 884 1420 τοι.

233 1503 347 1572 Οὐκέτι
373 1500 548 1594 Τιμάριον,
570 1497 610 1570 τὸ
630 1506 710 1592 πρὶν
729 1504 915 1594 γλαφυροῖο
936 1503 1071 1583 κέλητος

272 1617 404 1703 πῆγμα,
425 1620 520 1708 φέρει
539 1609 670 1682 πλωτὸν
691 1609 860 1702 Κύπριδος
881 1614 1035 1703 εἰρεσίην·
1128 1651 1132 1658 ·

229 1725 302 1794 ἀλλ’
328 1729 382 1794 ίπί
402 1729 463 1814 μὲν
483 1721 600 1794 νιὶτοιο
621 1721 830 1816 μετάφρενον
851 1721 895 1803 ὡς
914 1728 1013 1812 ιιέρας
1033 1721 1114 1808 ἱστῷ

272 1838 460 1927 κυρτοῦται,
480 1829 596 1916 πολιὸς
617 1833 649 1901 δ’
667 1835 833 1902 ίκλέλοται
852 1830 1023 1922 πρότονος.

228 1951 318 2014 ἱστία
341 1935 536 2037 δ”τιίωρητὰ
552 1948 646 2035 χαλᾷ
667 1948 922 2034 σπαδονὶσματα
943 1946 1088 2035 μαστῶν,

273 2064 308 2126 ἐκ
330 2061 365 2126 δὲ
387 2053 493 2126 σάλον
514 2051 676 2146 στρεπτοὶς
695 2052 840 2147 γαστρὸς
861 2060 925 2145 έχει
944 2059 1089 2146 ῥυτίδας.

227 2170 330 2256 νέρθε
352 2169 386 2235 δέ
403 2165 513 2237 πάνθ’
527 2166 715 2258 ύπέραντλα
728 2163 816 2250 νεοὶς,
836 2172 929 2263 κοίλη
952 2170 987 2236 δὲ
1000 2163 1166 2236 θάλασσα
1256 2175 1258 2179 ’

271 2282 472 2370 πλημμυρεῖ,
493 2273 633 2367 γόνασιν
654 2277 684 2346 δ’
698 2275 856 2370 έντρομός
877 2284 946 2348 ίστι
966 2275 1078 2358 σιὶλος.

223 2384 388 2471 δύστηνός
408 2415 461 2458 τοι
482 2384 563 2472 ζωὸς
584 2387 628 2457 ἔτ’
645 2385 691 2458 ὢν
708 2387 924 2478 ’Λχερονσὶδα
945 2391 1065 2478 λίμνην

49 2591 52 2597 ¹
209 2581 212 2587 .
271 2495 419 2568 πλεύσετ’
438 2495 548 2568 ἄνωθ’
567 2494 685 2587 ἱπιβοὶς
705 2497 809 2592 γραὸς
830 2499 881 2569 ἐπ’
900 2497 1064 2590 είκοσόρῳ.

58 2707 61 2712 ,
185 2637 292 2701 Versu
314 2634 457 2702 secundo
473 2639 501 2701 si
515 2645 603 2702 recte
618 2636 716 2704 habet
729 2631 868 2719 πλωτὸν,
889 2637 925 2705 id
945 2641 990 2705 ita
1006 2636 1186 2726 intelligen-

185 2747 260 2813 dum
283 2757 332 2812 est
354 2751 441 2814 acsi
463 2748 595 2814 dixisset
622 2759 720 2836 poeta
749 2744 909 2839 Τιμοὶριον
930 2746 1037 2815 οὐκέτι
1056 2744 1187 2815 πλωτόν

184 2853 275 2926 ἐστιν
294 2855 370 2926 οὐδὲ
392 2863 485 2950 φέρει
497 2854 669 2948 Κύπριδος
690 2862 839 2949 εἱρεσίην.
877 2861 1060 2928 Verborum
1080 2869 1186 2927 tamen

184 2970 357 3037 collocatio
379 2971 453 3039 buie
474 2974 730 3061 interpretationi
746 2995 857 3060 parum
880 2975 981 3051 laven
1002 2975 1111 3060 itaque
1131 2995 1187 3038 ne

184 3086 252 3149 scio
276 3106 317 3148 an
337 3085 476 3151 πλωτῶν
495 3095 593 3172 poeta
615 3087 778 3171 scripserit
799 3107 818 3150 a
839 3095 928 3151 recto
951 3107 1028 3151 casu
1047 3080 1185 3166 πλοίτης.

184 3194 305 3261 Eadem
333 3197 521 3283 metaphora
547 3218 624 3261 usus
652 3206 702 3262 est
722 3195 890 3287 Meleager
910 3198 1006 3263 Anah.
1028 3196 1095 3262 Pal
1117 3196 1187 3276 llll,

185 3310 247 3374 167
271 3301 358 3372 ἀλλά
378 3303 414 3392 μ’
433 3311 467 3383 ἐς
489 3300 596 3394 ὅρμον
623 3306 716 3388 δέξαι
735 3301 795 3374 τὸν
815 3303 939 3389 ναύτην
964 3303 1129 3396 Κύπριδος
1150 3313 1187 3374 έν

183 3413 326 3505 πελοίγει.
359 3417 523 3505 Aristoph.
546 3418 737 3486 Eccl.1086
756 3419 900 3506 χαλεπαί
920 3415 951 3505 γ’
969 3413 1012 3486 ἂν
1032 3409 1111 3502 ἦστε
1131 3443 1187 3505 γε·

185 3527 321 3616 νόμεναι
341 3530 502 3618 πορθμῆς
523 3566 566 3578 -
589 3533 716 3597 ἕλκοντε
741 3525 820 3610 τούς
840 3531 1015 3618 πλωτῆρας
1035 3525 1079 3598 ολν
1100 3527 1185 3597 οἱπο-

182 3643 317 3708 κναίετε.
351 3641 446 3706 Vs.3
469 3650 525 3706 aut
545 3643 639 3708 ἱστοῦ
659 3664 720 3731 pro
742 3643 824 3727 ἱστῷ
837 3642 1048 3724 scribendum,
1069 3652 1106 3709 ut
1126 3664 1185 3709 vo-

183 3750 243 3817 luit
262 3752 459 3833 Brunclius,
483 3762 538 3819 aut
560 3753 647 3840 quod
668 3753 866 3842 probabilius
887 3749 1020 3821 νιὶτοισι
1039 3776 1100 3843 pro
1122 3751 1185 3820 νιὶ-

183 3886 262 3944 τοιο,
285 3885 349 3951 quo
373 3867 490 3931 erroris
514 3886 632 3954 genere
654 3867 688 3931 in
708 3865 779 3931 eod.
794 3865 862 3932 Pal.
884 3866 964 3932 nihil
978 3867 1184 3953 frequentius.

183 3976 240 4040 Vs.
262 3978 284 4041 9
312 3977 429 4043 frustra
449 3978 621 4046 Jacobsius
649 3986 751 4043 tentat
779 3972 938 4059 δύστηνός
964 4001 1016 4044 τοι
1044 3969 1126 4056 ζωὸς
1147 3972 1185 4055 ὃς

183 4080 228 4150 ὢν
250 4096 309 4153 etc.
350 4088 531 4155 Relativum
553 4093 587 4154 in
610 4089 666 4155 tali
688 4088 860 4154 verborum
875 4092 1019 4154 iunctura
1041 4109 1109 4154 non
1131 4111 1184 4155 ne-
