3028 4826
538 467 859 529 conuersuri.
909 427 911 431 ¹
1148 474 1200 528 σοι

195 638 237 682 an
266 614 456 707 άμφίὸορον
478 620 679 686 scribendum
702 624 758 700 sit,
785 643 850 709 quo
873 621 1032 689 adiectivo
1055 645 1130 690 usus
1154 635 1201 690 est

193 727 369 794 Phalaecus
391 730 487 796 anth.
509 731 577 797 Pal.
601 733 663 812 Vl,
686 734 751 798 165
779 728 897 810 σκύλος
920 729 1109 824 ἁμφοδόρον
1131 756 1200 803 στι-

192 833 272 906 κτὸν
294 836 456 926 άχαιίνεω.

477 1115 681 1201 ‘auouruus
698 1116 757 1167 rar.
769 1117 836 1185 vn,
855 1114 900 1169 rs.

236 1223 369 1314 Σάρκες
391 1225 422 1292 δ’
440 1229 637 1295 αὶθαλίοισι
657 1227 761 1316 πυράς
782 1230 895 1321 ῥιπῇσί
915 1233 1082 1324 τροφηλαί

279 1339 467 1428 ληφθεῖσαι
487 1329 715 1421 νοτίην-ὦσαν
736 1338 968 1427 taenarum

234 1451 344 1536 μοῦνα
366 1446 395 1515 δ’
413 1451 517 1517 ἔνεστι
537 1446 635 1540 τάφῳ
655 1448 888 1542 πολυδακράτῳ
910 1451 1010 1520 ὀστέα
1030 1451 1137 1547 κωφοί,

278 1563 334 1625 καὶ
355 1556 457 1639 πόνος
479 1562 631 1640 εἰνοδίοις
651 1563 727 1656 τῇδε
747 1570 1012 1654 παρερχομένοις.

190 1706 354 1793 Adscripsi
374 1707 455 1773 haec
475 1718 511 1774 ut
533 1708 619 1774 edita
640 1718 715 1774 sunt
736 1731 755 1773 a
776 1710 946 1792 Jacobsio‚
974 1715 1028 1799 qui
1050 1713 1194 1780 mutilum

190 1841 315 1883 carmen
345 1828 377 1884 et
403 1822 496 1887 initio
519 1829 697 1886 truncatum
720 1842 790 1886 esse
813 1833 930 1889 censet.
975 1825 1013 1888 In
1039 1846 1103 1911 quo
1126 1847 1194 1891 non

190 1933 347 1996 assentior
368 1934 438 1996 viro
462 1931 655 1998 doctissimo.
697 1934 825 1998 Nomen
848 1933 1000 2015 defuncti,
1022 1935 1110 2021 quod
1131 1939 1194 2025 ipsi

190 2045 319 2106 carmini
340 2043 511 2129 sepulcrali
532 2044 652 2110 includi
673 2064 741 2110 non
761 2049 975 2111 necessarium
998 2056 1054 2128 est,
1075 2051 1109 2113 in
1132 2049 1194 2113 alia

126 2181 129 2189 ·
188 2153 304 2241 lapidis
326 2162 416 2240 parte
438 2157 570 2220 incisum
593 2177 663 2221 esse
685 2159 800 2243 potuit.
834 2157 872 2221 In
885 2157 967 2222 cod.
982 2157 1049 2224 Pal.
1071 2163 1191 2246 primus

187 2287 297 2330 versus
327 2268 371 2329 ita
397 2264 530 2354 legitur:
559 2266 743 2344 δαιδάλίοες
768 2261 871 2357 πυρὰς
892 2270 1004 2360 ῥιπῇσί
1024 2273 1191 2362 τροφηλαὶ

189 2373 313 2464 σάρκες.
356 2376 506 2444 Secundo
528 2381 635 2444 versui
657 2400 749 2465 quam
771 2378 925 2444 medelam
948 2379 1053 2446 attulit
1073 2383 1192 2448 Jacob-

188 2491 267 2568 sius,
295 2487 465 2571 λείβοοσαε
480 2491 607 2569 ,νοτίην
636 2487 678 2566 ὡς
704 2483 772 2578 ἄρα
791 2485 1062 2576 πνθόμενοος-εο
1085 2515 1191 2581 neque

188 2600 230 2664 ad
257 2602 446 2665 sententiam
474 2599 653 2686 probabilis
681 2611 729 2667 est
756 2612 789 2667 et
817 2604 941 2672 criticas
965 2601 1056 2692 leges
1077 2608 1192 2694 migrat

188 2711 403 2777 audacissime.
454 2712 492 2776 ln
522 2712 593 2779 cod.
617 2735 635 2776 a
658 2715 759 2800 prima
780 2736 877 2779 manu
897 2713 1018 2804 legitur
1039 2713 1191 2782 άπαιθό-

186 2832 301 2908 μενοι.
337 2822 422 2888 Vide
443 2825 542 2913 igitur
563 2847 604 2889 an
626 2827 671 2889 ita
692 2835 791 2911 poeta
812 2825 892 2890 haec
913 2829 1089 2914 scripserit:

275 2942 409 3034 Σάρκες
430 2948 613 3013 κνισαλίοοο
635 2941 738 3033 πυρὸς
759 2948 872 3039 ῥιπῇσί
892 2951 1059 3040 τροφηλαί

319 3058 507 3148 ληφθεῖσαι
527 3061 642 3140 νοτίην
664 3050 755 3124 ὦσαν
775 3052 834 3123 ἄπ’
853 3055 1043 3147 αἰθόμενον.

187 3181 310 3248 Carnes
339 3183 422 3270 ignis
443 3184 476 3246 vi
504 3193 666 3270 correptas
694 3170 870 3248 nauualem
897 3184 1061 3249 humorem
1088 3189 1189 3273 exspi-

186 3315 273 3358 rasse
297 3293 381 3357 dicit.
426 3293 478 3357 Ad
499 3296 669 3372 κνισαλίος
696 3295 751 3359 cfr.
774 3296 954 3382 Hesychius
980 3295 1186 3362 aLobeclrio

187 3404 229 3468 ad
251 3406 349 3491 Soph.
365 3407 453 3469 Aiac.
476 3409 589 3492 pilii
613 3406 805 3485 emendatus,
826 3405 1000 3490 Κνισολίῳ
1014 3411 1105 3497 napi:
1127 3432 1186 3473 κα-

185 3517 318 3608 πνιστρῖ.
371 3517 443 3581 Νεο
470 3539 547 3582 sane
573 3517 704 3582 multum
732 3517 842 3582 differt
869 3517 1187 3606 ΚΝΙΣΑΛΕΟΙΟ

188 3635 219 3690 et
240 3626 548 3697 AAIAAAEOIC.
593 3630 629 3695 Si
651 3640 756 3694 tamen
777 3639 865 3694 recte
887 3629 1057 3695 Jacobsius
1081 3627 1187 3697 atrici-

92 3803 95 3808 ,
185 3739 259 3815 λεος
279 3743 429 3819 restituit,
458 3750 544 3805 certe
567 3742 743 3807 αίθαλίοιο
766 3740 982 3822 scribendum,
1005 3752 1037 3807 et
1059 3738 1184 3827 σάρκες,

185 3851 273 3936 quod
296 3854 389 3917 etiam
412 3851 466 3917 alii
486 3852 668 3932 voluerunt,
693 3863 769 3941 post
790 3849 892 3942 πυρὸς
914 3853 1186 3942 transponendum

186 3983 257 4027 esse
278 3967 457 4050 putaverim
478 3966 541 4029 hoc
559 3965 667 4045 modu,
690 3967 867 4031 αἰθαλέοιο
887 3961 990 4054 πυρὸς
1006 3961 1122 4053 σάρκες
1136 3967 1186 4053 ῥι-

184 4076 262 4164 πῇσί
284 4078 459 4167 τροφηλαί.
495 4077 601 4142 Versu
624 4081 718 4143 tertio
740 4077 942 4145 scribendum
962 4074 1184 4167 πολυδακρύῳ.
