3026 4816
304 483 305 486 =
334 453 386 511 158
601 447 863 510 ΑΒΝΟΤΑΤῙΟ
886 449 1072 510 culmem

332 613 420 670 recte
444 603 624 668 emendavit
646 603 827 670 Salmasius.
873 605 950 668 Non
975 603 1108 691 probari
1130 625 1228 690 posse
1250 604 1338 670 vide-

333 726 384 781 tur
406 714 493 801 quod
514 715 686 781 Jacobsius
709 714 810 781 edidit
833 715 966 799 αίπεινᾷ
988 724 1022 780 et
1042 715 1184 802 Κρονίᾳ.
1222 716 1338 802 Neque

334 829 417 892 enim
447 826 599 893 credibile
628 837 676 892 est
696 837 825 915 poetam
849 849 867 890 a
890 829 1049 892 communi
1075 849 1136 892 usu
1157 830 1338 909 recessisse,

334 961 398 1026 quo
420 939 538 1006 nobilis
560 939 616 1004 ille
640 938 731 1004 collis
754 936 920 1004 dicebatur
941 933 1094 1024 Κρόνιος,
1116 960 1205 1003 nunc
1225 939 1337 1006 addito

332 1055 462 1118 nomine
483 1047 590 1141 λόφος
611 1050 665 1116 vel
687 1044 802 1136 ὄχθος,
823 1071 910 1116 nunc
933 1053 1051 1116 omisso
1073 1060 1110 1116 ut
1130 1050 1257 1116 Pindar.
1282 1051 1337 1118 01.

333 1164 357 1242 1,
381 1166 442 1230 111
466 1159 545 1251 παρ’
567 1159 726 1229 εὐδείελον
748 1155 860 1230 ἐλθὼν
881 1156 1028 1249 Κρόνιον
1050 1170 1083 1226 et
1105 1163 1161 1241 Vl,
1184 1165 1226 1228 64
1248 1159 1337 1251 ὑψη·

332 1273 405 1340 λοῖο
427 1277 531 1362 πέτρα
554 1275 709 1363 Κρονίου,
735 1275 872 1340 fortasse
895 1276 988 1340 etiam
1009 1276 1145 1340 Pausan.
1169 1273 1219 1339 El.
1241 1259 1338 1354 ΞΜ

332 1393 404 1464 τοῖς
424 1389 544 1474 πέρασι
564 1387 626 1452 τοῦ
647 1386 803 1474 Κρονίου,
825 1405 1014 1474 quamquam
1036 1389 1063 1452 is
1087 1385 1164 1451 alibi
1184 1380 1224 1452 τὸ
1245 1381 1339 1475 Κρό-

332 1519 405 1564 νιον
427 1497 518 1577 dicit,
544 1507 581 1562 ut
602 1497 651 1562 ΕΙ.
676 1500 732 1579 19,
756 1502 785 1563 1.
915 1577 917 1581 ι

420 1611 462 1674 V.
500 1611 559 1673 Vs.
581 1611 603 1675 8
628 1612 798 1698 ingeniose
820 1609 970 1676 Graefius
999 1612 1036 1673 ἐν
1057 1608 1091 1674 δὲ
1112 1610 1247 1675 Λυαίου
1269 1609 1337 1692 νηῷ

312 1710 538 1812 [φορβειάς
559 1715 692 1801 θήκατο
707 1723 764 1787 καὶ
776 1716 952 1808 καλάμους,
975 1739 1035 1806 pro
1054 1715 1233 1808 φόρμιγγα.
1266 1720 1338 1784 Nec

335 1842 440 1897 tamen
468 1835 536 1898 sine
566 1831 710 1919 exemplo
739 1843 789 1898 est
816 1832 986 1897 auloedum
1014 1831 1108 1898 simul
1134 1832 1233 1898 fuisse
1261 1829 1337 1917 lyri-

334 1942 428 2010 stam?
474 1945 585 2029 Itaque
614 1944 703 2010 edidi
733 1940 935 2035 φόρμιγγος,
963 1953 1000 2008 ut
1026 1943 1130 2010 voluit
1151 1944 1336 2018 Passovius3

257 2059 260 2066 ’
334 2079 520 2143 quamquam
541 2054 673 2142 pluralis
696 2053 817 2141 aliquid
839 2055 1028 2120 offensionis
1050 2055 1158 2122 babet.

427 2169 484 2234 VL
529 2169 631 2233 vsu
665 2161 805 2247 στήσητε
840 2166 912 2231 cod.
964 2162 1115 2248 στήσαιτο
1142 2167 1247 2247 Plau,
1283 2170 1337 2253 qui

332 2301 379 2345 vs.
402 2283 423 2346 6
451 2289 539 2346 recte
560 2279 676 2346 παισὶν
697 2277 808 2356 babet,
837 2299 899 2365 pro
923 2299 987 2365 quo
1011 2271 1082 2344 cod.
1104 2277 1222 2358 πᾶσιν,
1250 2277 1338 2365 quod

332 2395 499 2458 revocavit
518 2389 700 2456 Jacobsius.
1192 2385 1194 2388 ’
1237 2472 1238 2475 ¹

420 2503 507 2568 VIII.
553 2500 641 2566 Male
662 2501 782 2566 Alcaeo
806 2500 1007 2588 Mitylenaeo
1030 2502 1144 2567 tribuit
1167 2500 1239 2567 cod.
1262 2501 1337 2580 Pal„

334 2618 389 2703 qui
410 2637 456 2680 vs.
478 2618 500 2680 2
526 2609 605 2694 ὕλης
627 2612 770 2678 obscuris
794 2612 941 2678 ductibus
964 2613 1082 2680 habere
1106 2613 1230 2679 dicitur.
1275 2616 1339 2678 Re-

334 2728 406 2814 cepi
426 2728 458 2791 J.
475 2725 516 2792 G.
532 2725 718 2791 Schneideri
741 2724 995 2791 emendationem
1009 2718 1108 2806 ’Ίδης.
1145 2726 1204 2791 Vs.
1220 2728 1241 2792 5
1264 2725 1336 2791 cod.

333 2835 377 2916 ὡς
401 2833 544 2918 αάὸαξαι
570 2836 624 2902 vel
652 2831 801 2916 αὐδάξαι.
851 2836 940 2902 Plan.
969 2834 1013 2914 ὡς
1041 2829 1170 2917 αὕὸαξε.
1221 2837 1337 2903 Suidas

334 2947 378 3028 ὡς
399 2943 442 3015 dv
464 2944 556 3029 δόξα.
601 2949 691 3012 Haec
712 2947 766 3014 alii
788 2948 880 3014 aliter
901 2947 960 3014 sed
981 2947 1073 3013 nullo
1096 2971 1166 3014 cum
1188 2971 1338 3031 successu

335 3060 505 3127 emendare
528 3063 635 3124 conati
656 3069 739 3125 sunt.
780 3059 875 3126 Haud
897 3061 1064 3149 iudignum
1085 3070 1184 3147 poeta
1206 3061 1314 3127 fuerit:

400 3172 512 3250 δείσας
533 3167 563 3236 δ’
590 3165 746 3256 ὠμήστεω
767 3166 878 3260 θηρὸς
899 3168 1018 3260 μόρον,
1046 3166 1250 3252 ἑξαλαλάξας

445 3277 616 3367 τύμπανον
638 3278 673 3361 ἐξ
694 3284 785 3370 ἱερᾶς
806 3278 1011 3368 ἐπλατάγηοε
1033 3277 1149 3364 νάπης.

334 3393 435 3481 Quod
457 3393 647 3460 confirmare
667 3394 794 3460 videtur
816 3397 870 3480 qui
884 3394 968 3460 idem
984 3403 1204 3484 argumentum
1226 3404 1339 3460 tracta-

257 3499 261 3516 ‘
333 3509 381 3571 vit
402 3506 570 3592 Antipater
591 3506 687 3571 Anth.
709 3505 776 3570 Pal.
791 3507 848 3584 Vl,
870 3508 936 3572 219
958 3503 1031 3572 ἀλλ’
1058 3510 1163 3592 ἔμπας
1185 3508 1338 3592 ἐρίμυκον

334 3611 401 3683 άπὸ
424 3611 599 3704 στομάτων
627 3609 787 3702 ὀλολυγὸν
808 3607 900 3698 ἧκεν,
928 3618 1076 3699 ὲδίνησεν
1098 3614 1128 3683 δ’
1153 3612 1338 3706 εὐστροφά-

334 3730 431 3814 λιμμα
453 3722 571 3814 κόμαν.

421 3842 460 3905 Χ.
494 3841 589 3905 Vsu
612 3832 669 3907 διά
689 3839 815 3926 τρητάν
830 3839 903 3906 Ald.
938 3837 981 3906 δι’
1000 3833 1163 3926 ἑντρήτων
1178 3839 1266 3906 Flor.
1288 3861 1337 3926 pr.

332 3952 419 4020 Hinc
439 3949 621 4017 Brunckius
645 3960 678 4015 et
698 3950 871 4017 Jacobsius
894 3947 1128 4040 δυ’·εὐτρήτων.
1177 3949 1269 4016 Nihil
1290 3952 1338 4014 in-

237 4056 238 4062 '
334 4073 433 4130 terest
453 4063 579 4166 hocfan
601 4061 735 4129 alterum
749 4063 920 4151 praeferas.
960 4065 1121 4130 Theocrit.
1137 4064 1247 4152 Epigr.
1262 4061 1337 4141 11,3
