3026 4816
339 443 392 498 ns
607 439 868 500 rouorrrro
892 409 1086 522 carrion
1207 421 1218 431 ‘

339 595 448 661 Strato
470 593 544 673 xn,
569 594 641 659 rso,
663 595 737 660 245.
782 593 936 682 Agonas
951 578 1037 675 vn,
1059 595 1134 660 soc.
1177 594 1344 698 stuppas

339 708 398 786 IX,
420 707 484 772 237
508 704 640 792 aliisque
662 704 758 785 locis,
786 705 923 772 fortasse
952 708 1046 771 etiam
1072 704 1269 796 Crinagoras
1291 709 1344 788 IX,

338 819 414 884 234.
459 817 511 882 Ab
540 815 828 882 Alexandrinorum
857 827 924 882 arte
952 817 1031 882 haec
1058 816 1186 884 licentia
1211 840 1343 907 prorsus

212 923 213 926 ’
339 927 452 994 aliena.
497 929 583 993 Hinc
605 927 783 993 dubitoide
804 932 937 994 veritate
961 932 1163 995 coniecturae
1184 928 1344 1006 Lobcokii

339 1039 442 1106 Paral.
457 1064 489 1126 p.
505 1042 579 1119 111,
596 1042 639 1105 40
660 1043 694 1104 in
715 1060 811 1105 versu
824 1040 972 1105 Simmiae
993 1040 1123 1107 Rhodii.
1159 1042 1345 1108 Eratosthe-

339 1175 396 1218 nes
420 1161 525 1218 autem
548 1150 634 1240 apud
657 1150 876 1217 Theodosium
897 1150 1063 1217 Dindorfii
1089 1150 1131 1216 ad
1152 1151 1252 1218 schol.
1273 1155 1344 1218 Ari-

339 1265 444 1351 stoph.
469 1264 518 1329 cd.
540 1266 629 1351 Lips.
651 1265 711 1343 ΙΙΙ,
734 1288 766 1351 p.
791 1265 856 1330 418
884 1284 951 1328 non
980 1266 1106 1350 scripsit
1128 1263 1216 1350 quod
1238 1285 1344 1351 nuper

212 1379 213 1382 ’
340 1377 520 1440 coniectum
550 1384 599 1440 est
625 1370 745 1460 ἐγγύθι
773 1376 808 1441 δὲ
829 1375 971 1462 προχοαὶ
991 1371 1158 1460 Λάδωνος
1179 1376 1260 1442 ἕσαν
1281 1397 1343 1441 πο-

338 1496 469 1574 ταμοῖο,
492 1487 550 1551 scd
571 1488 725 1571 ποταμοῦ
744 1481 911 1563 Λάδωνος
933 1487 1033 1552 ἔασιν.
1070 1485 1143 1550 Νοο
1163 1485 1344 1552 Antimachi

271 1667 272 1675 ς
339 1620 450 1664 versus
473 1597 558 1685 apud
580 1595 689 1662 Schol.
713 1596 881 1684 Apollonii
903 1597 1215 1677 annotemus
1238 1620 1344 1664 emcn-

340 1708 433 1774 datus
456 1719 518 1787 est,
545 1703 622 1789 ἠΰτε
643 1732 692 1785 τις
712 1704 817 1789 καύηξ
838 1687 996 1789 δῦιιτηοιν
1021 1711 1055 1786 ἐς
1076 1703 1225 1799 ἁλμυρὸν
1243 1705 1361 1799 ὕδωρ·

339 1820 527 1910 Legendum
549 1815 671 1900 δύπτης
693 1824 737 1895 εὶς
759 1813 908 1905 ἁλμυρὸν
928 1813 1027 1907 ὕδωρ.

426 1932 569 1997 LXVIII.
607 1932 703 1996 Vs.2
725 1933 869 2018 ineptum
891 1940 941 1996 est
954 1933 982 1995 si
1002 1930 1079 2018 quid
1093 1930 1190 1998 rideo
1210 1928 1258 2019 χὼ
1273 1933 1343 1998 λοι-

338 2036 401 2121 πὸς
421 2044 537 2131 μυρίος
559 2046 604 2119 εὶς
621 2037 745 2122 Ἀΐδην,
771 2063 835 2129 quo
858 2043 993 2109 humana
1014 2046 1080 2108 vita
1101 2046 1136 2109 in
1156 2047 1343 2111 immensum

340 2154 467 2220 extendi
489 2143 656 2220 diceretur.
696 2153 885 2242 Legendum
906 2155 1034 2220 videtur
1055 2159 1103 2220 εἰν
1120 2151 1228 2236 ’Atra
1266 2155 1343 2220 Sex-

305 2304 307 2307 ·
339 2277 405 2332 tum
435 2269 578 2332 carminis
608 2287 734 2331 versum
764 2268 880 2354 excipit
907 2268 942 2330 in
968 2264 1039 2331 cod.
1070 2265 1230 2332 distichon
1255 2265 1344 2354 quod

339 2401 371 2442 n.
385 2380 487 2444 LXIX
509 2377 643 2444 exffibui.
677 2377 833 2464 Reliquos
856 2376 966 2442 decem
980 2399 1100 2458 versus,
1123 2381 1178 2465 qui
1198 2399 1260 2443 nec
1279 2380 1343 2464 ipsi

340 2491 424 2556 bene
454 2514 524 2557 cum
551 2489 714 2577 prioribus
736 2498 855 2554 coeunt
882 2499 916 2555 et
938 2511 976 2554 ex
998 2488 1131 2556 diversis
1153 2489 1343 2556 carminibus

339 2602 470 2668 conflati
491 2602 657 2683 videntur,
677 2600 848 2667 Jacobsius
869 2600 1058 2668 ludificandi
1079 2601 1208 2668 lectoris
1231 2623 1343 2667 caussa

339 2717 536 2802 compositos
559 2736 630 2780 csse
654 2715 817 2780 existimat.
857 2714 986 2782 Vereor
1007 2722 1044 2778 ut
1063 2716 1146 2779 iusta
1169 2713 1211 2779 dc
1233 2735 1342 2790 causa3

339 2849 400 2893 nec
428 2826 539 2893 dubito
569 2829 645 2914 quin
672 2824 889 2914 sagacioribus
912 2827 1077 2915 contingat
1101 2836 1139 2892 ut
1168 2826 1343 2892 emendatis

339 2958 421 3024 quae
437 2945 587 3024 corrupta
601 2947 677 3004 sunt
691 2940 797 3003 omnia
813 2941 848 3003 in
863 2937 948 3003 clara
962 2937 1035 3003 luce
1049 2947 1219 3024 ponantur.
1246 2938 1304 3003 Vs.
1321 2941 1341 3004 7

339 3048 411 3113 cod.
435 3041 607 3134 ὤνθρωπε.
651 3050 771 3136 Scripsi
794 3043 982 3137 ὤνθρωποι.
1024 3049 1194 3116 Jacobsius
1216 3062 1343 3116 servata

341 3157 412 3224 cod.
427 3158 567 3225 lectione
583 3184 653 3227 cum
664 3159 819 3227 Salmasio
837 3159 938 3226 edidit
951 3156 1228 3251 ἀπηκριβωμένος.
1251 3162 1344 3226 Vsss

338 3270 413 3335 vide
442 3293 484 3340 an
512 3271 609 3338 fuerit
637 3270 797 3360 ἁρμονίης
823 3267 976 3360 ὑψοῦσθ’
1001 3269 1084 3357 ἠέρα
1108 3271 1343 3362 retentatione,

339 3380 480 3448 tollite
508 3405 580 3449 vos
610 3387 650 3450 In
673 3383 781 3448 altos
804 3382 965 3449 nubium
992 3392 1156 3448 tractus.
1200 3384 1344 3470 Sequen-

340 3495 383 3558 tia
411 3492 517 3558 multis
545 3494 649 3559 modis
678 3504 830 3582 corrupta
858 3505 941 3560 sunt.
992 3495 1051 3560 Vs.
1072 3497 1113 3559 lI
1142 3489 1344 3586 ψαλάθριον

340 3604 417 3692 quid
439 3607 495 3684 sit,
521 3605 716 3695 intelligetur
736 3606 887 3686 fortasse,
916 3609 944 3671 si
965 3608 1036 3694 quis
1058 3626 1165 3669 veram
1185 3607 1343 3671 rationem

339 3717 477 3781 nominis
499 3712 712 3801 ψαλάκανθα
734 3719 958 3806 explanaverit.
1003 3718 1045 3782 V.
1069 3718 1194 3806 Fragm.
1218 3715 1342 3783 Comic.

339 3850 443 3918 graec.
459 3828 512 3907 ΙΙΙ,
534 3853 566 3916 p.
582 3831 657 3896 219.
688 3831 747 3896 Vs.
764 3832 806 3896 12
829 3830 901 3896 cod.
915 3829 1057 3896 πολλῶν.
1088 3829 1208 3915 Scripsi
1222 3828 1343 3911 πολλῷ.

338 3939 508 4005 Jacobsius
537 3936 671 4008 πολλόν.
723 3941 825 4028 Quod
852 3943 996 4028 sequitur
1026 3938 1211 4030 ἀραχναίοο
1237 3959 1345 4004 conu-

339 4061 429 4139 ptum
443 4050 577 4119 videtur.
610 4054 658 4120 lb.
675 4055 825 4121 οκελέτου
839 4055 952 4140 scripsi
968 4073 1028 4140 pro
1044 4052 1204 4118 οκελετοῠ.
1229 4051 1288 4116 Vs.
1301 4052 1345 4116 13

1261 4184 1347 4243 ηοον
