3028 4826
487 469 804 532 CONIECTANEA.
1096 475 1150 530 193

148 627 347 714 voragine
376 634 481 705 orta,
510 628 564 712 qui
585 626 735 712 frequens
763 646 840 691 usus
869 633 918 690 est
939 625 1150 711 praepositio·

110 779 113 785 ·
146 741 197 804 nis
219 735 262 817 ἐξ.
296 738 464 802 Praeterea
485 747 572 803 recte
593 738 679 802 haud
701 736 797 803 dubie
813 734 973 802 Planudes
995 733 1148 822 ἀχανοῦς.

147 851 196 935 Ita
220 843 322 936 χάσμ’
348 844 468 935 ἀχανὲς
496 847 573 915 dixit
600 848 806 914 Parmenides
833 871 879 914 vs.
903 849 955 913 18.
1005 848 1148 915 Verbum

82 971 85 976 '
148 964 294 1050 ίρείπειν,
316 969 353 1026 ut
374 958 408 1026 id
431 958 538 1026 obiter
559 981 718 1039 moneam,
744 959 941 1048 reddendum
962 969 1080 1046 poetae
1102 963 1149 1027 in-

148 1082 237 1137 certo
259 1070 345 1159 apud
365 1071 468 1137 Bekis.
491 1072 611 1137 Anecd.
633 1098 665 1162 p.
683 1074 768 1138 1261
790 1072 907 1158 κοῦραι
925 1067 1076 1161 πετράων
1097 1073 1149 1160 ίρ-

147 1203 246 1272 ριπον
266 1178 414 1271 (ἤριπον)
436 1181 471 1264 ἐξ
491 1179 634 1250 ὑπάτων.
667 1185 805 1248 Versum
827 1185 995 1270 septimum
1017 1184 1071 1249 alii
1093 1184 1150 1250 ali-

147 1305 197 1361 ter
217 1294 379 1384 refingere
409 1297 516 1359 conati
536 1304 618 1360 sunt
668 1294 838 1361 Jacobsius
859 1294 979 1383 Βοῦρα
1004 1289 1046 1361 cai
1064 1293 1145 1365 κεῖσ’

147 1409 183 1489 (i.
208 1428 235 1473 ε.
257 1408 377 1490 κεῖσαι)
395 1403 505 1485 Ἑλίκη
526 1427 562 1471 τε
583 1406 791 1491 κεκλασμένα.
831 1407 912 1472 Mihi
932 1405 1094 1471 lenissima
1116 1419 1150 1474 et

148 1497 326 1585 sententiae
355 1516 678 1583 accommodatissima
706 1520 789 1583 ratio
817 1515 898 1583 haec
926 1539 996 1582 esse
1020 1519 1150 1586 videtur

147 1639 185 1696 ut
212 1628 380 1696 scribatur:
413 1629 533 1718 Βοῦρα
559 1633 621 1716 μίν
649 1626 708 1694 είσ’
730 1626 840 1708 Ἑλίκη
868 1651 903 1694 τε
928 1631 1149 1716 κεκλασμέναι.

146 1742 186 1806 ln
208 1763 273 1829 quo
289 1743 414 1807 schema
428 1740 527 1806 habes
542 1739 768 1807 Alcmanicum.
802 1738 962 1806 Particule
976 1745 1046 1825 μέν,
1068 1765 1149 1829 quae

139 1853 178 1918 h,
201 1852 222 1918 1.
245 1856 424 1920 necessasia
444 1851 585 1934 videtur,
608 1856 702 1919 etiam
724 1851 803 1917 alias
824 1853 859 1916 in
880 1853 938 1918 καὶ
959 1851 1044 1918 abiit.
1069 1831 1070 1838 ὸ

549 2015 749 2022 -.——---—-——

423 2163 638 2230 narmcnrus
655 2162 714 2213 rar.
726 2161 791 2228 vn,
810 2156 872 2212 541.

185 2267 304 2355 ’Ἑστης
326 2279 362 2340 ἑν
381 2270 580 2362 προμάχοις,
604 2274 812 2363 Χαιρωνίδη,
834 2263 890 2338 ὧδ’
909 2269 1100 2361 ἀγορεύσεις,
1178 2362 1182 2371 ¹

235 2379 259 2466 ἢ
279 2381 386 2474 μόρον
407 2379 429 2465 ἢ
449 2388 558 2465 νίκαν,
581 2386 661 2464 Ζεῦ,
681 2386 838 2469 πολέμοιο
861 2385 962 2464 δίδου,

179 2494 291 2588 ,ἡνίκα
312 2519 365 2561 τοι
386 2499 461 2584 περὶ
482 2491 614 2586 τάφρον
632 2494 784 2582 Ἀχαιίδα
805 2496 845 2587 τῇ
866 2490 940 2561 τότε
962 2497 1054 2562 νυκτί
1091 2575 1098 2584 1

167 2635 174 2642 ·
237 2609 407 2692 δυσμενέες
427 2609 578 2694 θρασέος
600 2607 695 2694 δῆριν
717 2607 835 2673 ἔθεντο
858 2602 971 2673 πόνου.
1102 2601 1107 2610 ’

192 2721 250 2786 ναὶ
270 2712 338 2804 μην
359 2715 431 2784 ἀλλ’
458 2716 577 2807 ἀρετῆς
598 2738 634 2785 σε
656 2712 824 2805 διακριδὸν
839 2708 933 2796 Ἅλις
954 2714 1062 2799 ἀείδει,
1139 2719 1141 2725 ⁴
1232 2739 1236 2752 ·

236 2824 368 2919 θερμὸν
390 2826 457 2897 ἀνά
477 2829 586 2911 ξείνην
608 2825 693 2915 αἷμα
711 2834 835 2915 χέοντα
856 2824 956 2895 κόνιν.

149 2967 290 3060 Quintus
311 2989 422 3034 versus
444 2971 479 3033 in
501 2964 662 3032 cod.·Pal.
685 2968 729 3030 ita
753 2963 886 3053 legitur:
912 2966 970 3031 ναὶ
989 2959 1057 3050 μὴν
1079 2963 1146 3032 ἀλλ’

150 3074 251 3167 ἀρετή
274 3099 309 3145 σε
332 3074 500 3168 διακριδὸν
522 3075 596 3154 ἀλλς
617 3074 721 3158 ἀείδη.
755 3075 849 3162 Quae
869 3078 929 3140 etsi
943 3087 1030 3142 recte
1047 3100 1151 3144 emen-

151 3189 224 3255 data
254 3198 368 3256 sunta
391 3194 519 3272 criticis,
548 3211 694 3278 magnam
717 3197 823 3253 tamen
845 3169 1076 3255 dubitationem
1098 3192 1152 3256 ha-

149 3302 205 3368 bet
234 3305 416 3368 coniunctio
445 3301 670 3390 particularum
698 3301 755 3366 ναὶ
781 3291 850 3385 μην
871 3294 967 3370 ἀλλά.
1017 3299 1152 3368 Accedit

150 3413 238 3501 quod
266 3415 425 3502 genitivus
448 3412 567 3502 ἀρετῆς
588 3434 656 3478 non
685 3410 865 3498 expeditum
887 3410 1076 3497 explicatum
1097 3415 1152 3478 ha-

150 3524 216 3590 bet.
261 3524 469 3591 scribendum
491 3523 576 3590 haud
599 3523 694 3589 dubie
716 3525 774 3588 ναὶ
794 3516 864 3614 μὴν,
883 3520 969 3614 ἀμφ’
994 3521 1093 3616 ἀρετῇ
1115 3545 1152 3591 σε
1218 3581 1221 3588 s

150 3630 320 3725 διακριδὸν
336 3627 428 3714 Ἅλις
448 3634 563 3716 ἀείδει,
591 3645 627 3701 ut
654 3636 740 3722 apud
761 3634 932 3701 Pindarum
961 3636 1094 3723 Olymp.
1122 3639 1151 3716 5,

152 3750 194 3815 15
217 3745 304 3840 ἀμφ’
323 3745 472 3837 ἀρεταῖσι
492 3742 594 3824 πόνος
616 3743 752 3813 δαπάνα
773 3770 807 3812 τε
821 3741 989 3835 μάρναται
1003 3740 1086 3836 πρὸς
1100 3749 1151 3835 ίρ-

150 3882 212 3944 γον
234 3870 267 3926 et
287 3861 507 3948 Pyth.11‚55
530 3856 659 3938 ξυναῖσι
680 3855 709 3924 δ’
726 3855 811 3950 ἀμφ’
830 3855 963 3946 ἀρεταῖς
981 3862 1128 3942 τέταμαι.

911 4194 952 4259 13
