3016 4808
370 471 406 528 60
751 476 994 526 ΘΕΟΚΗΤΟΥ

844 657 898 724 [Χ.

368 770 564 853 Δαμομένης
585 765 605 834 ὁ
622 762 770 855 χοραγὸς
792 765 811 835 ὁ
833 762 894 835 τάν
914 763 1057 856 τρέποδ,
1079 755 1106 832 ὦ
1127 764 1285 850 Διόνυσε,

413 879 470 945 καὶ
492 881 528 946 σδ
549 873 611 946 τάν
631 873 771 946 ἅδιστον
791 880 885 946 θεῶν
905 873 1064 967 μακάρων
1085 873 1246 962 ἀναθείς,

368 991 500 1078 μέτριος
522 979 564 1070 ἦν
584 995 622 1058 έν
642 991 739 1056 παισί
746 1011 755 1028 ·
774 991 867 1080 χορῷ
889 988 919 1057 δ
945 985 1106 1071 ἐκτήσατο
1128 993 1233 1058 νίκαν

413 1097 559 1190 ἀνδρῶν,
579 1103 636 1169 καὶ
657 1095 698 1168 τδ
719 1095 824 1168 καλὸν
844 1103 901 1170 καὶ
921 1096 960 1168 τὸ
982 1104 1153 1190 προσῆκον
1176 1101 1281 1193 ὁρῶν.

851 1249 891 1314 X.

366 1356 409 1422 ‘A
430 1354 560 1446 Κύπρις
580 1357 622 1426 οά
641 1355 832 1445 πάνδαμος·
853 1353 986 1426 λλᾶσκεο
1007 1352 1071 1425 τάν
1091 1353 1181 1426 θεὸν
1204 1355 1311 1428 ελπῶν

415 1466 589 1556 οἰρανέαν,
612 1468 717 1556 ἁγνᾶς
738 1466 876 1557 ἄνθεμα
901 1465 1120 1559 Χρυσογόνας

369 1578 447 1665 οἴκῳ
468 1585 505 1648 έν
523 1578 755 1673 Ἀμφικλέους,
782 1573 809 1666 ᾧ
830 1583 887 1648 καὶ
907 1585 1005 1648 τέκνα
1026 1585 1082 1648 καὶ
1103 1582 1183 1668 βίον
1206 1583 1305 1669 έσχεν

414 1688 529 1772 ξυνόν·
551 1689 604 1758 ἀεὶ
627 1693 662 1758 δέ
684 1715 766 1785 σφιν
787 1689 888 1760 λώϊον
910 1697 954 1768 εὶς
976 1695 1049 1770 έτος
1069 1682 1113 1774 ἦν

370 1807 405 1869 έκ
427 1806 530 1870 σέθεν
551 1801 761 1894 ἀρχομένοις,
783 1794 811 1869 ἀ
831 1801 960 1872 πότνια.
982 1799 1158 1890 κηδόμενοι
1177 1801 1250 1894 γάρ

414 1910 600 1983 ἀθανάτων
622 1912 719 1984 αὐτοὶ
739 1917 854 1982 πλεῖον
875 1916 985 2002 έχουσι
1004 1915 1131 2006 βροτοί.

830 2062 913 2128 *XL

369 2169 548 2262 Γνώσομαι
569 2171 600 2241 εἴ
617 2197 651 2239 τι
671 2178 778 2259 νέμεις
799 2170 949 2259 ἀγαθοῖς
972 2173 1073 2238 πλέον
1097 2165 1121 2253 ἢ
1146 2175 1205 2240 καὶ
1229 2170 1250 2242 ὁ
1274 2163 1381 2246 δειλός

413 2289 448 2350 έκ
470 2287 574 2351 σέθεν
595 2280 750 2362 ὡσαύτως
770 2279 845 2351 ἴσον
865 2279 1009 2372 ὁδοιπόρ’
1035 2284 1108 2369 έγει.

365 2401 506 2485 χαιρέτω
528 2387 625 2474 οὗτος
647 2392 665 2461 ὁ
688 2391 826 2484 τύμβος,
851 2399 947 2483 έρεῖς,
970 2397 1040 2461 ἐπεὶ
1061 2391 1316 2484 Εὐρυμέδοντος

412 2517 516 2576 κεῖται
536 2508 597 2588 τῆς
618 2508 708 2597 ἱερῆς
728 2508 855 2599 κοῦφος
875 2503 955 2596 ὑπὲρ
977 2506 1133 2599 κεφαλῆς.

821 2653 919 2718 *XIL

369 2761 502 2847 Νήπιον
524 2760 596 2832 υἱὸν
619 2767 755 2843 ἔλειπες·
781 2769 818 2831 έν
839 2763 951 2850 ἡλικέμ
974 2764 1087 2830 δὲκαὶ
1108 2759 1218 2844 αὐτός,

412 2873 617 2966 Εὐρύμαδον,
638 2872 766 2963 τύμβου
787 2877 883 2943 τοῦδε
904 2863 1026 2943 θανὼν
1047 2877 1163 2963 ἔτυχες.

370 2991 424 3057 σοὶ
444 2991 505 3077 μὲν
526 2989 603 3077 έδρη
626 2990 752 3055 θεέοισι
771 2984 836 3074 μετ’
863 2983 1019 3077 ἀνδράσι·
1040 2980 1101 3054 τὸν
1122 2988 1157 3054 δὲ
1178 2989 1315 3056 πολῖται

411 3100 616 3189 τιμασεῦντι,
637 3092 764 3190 πατρὸς
784 3095 949 3188 μνώμενοι
971 3097 1015 3176 ὡς
1035 3095 1184 3184 ἀγαθοῦ.

827 3247 912 3313 XIII.

460 3357 572 3424 Θάσαι
593 3350 653 3424 τάν
674 3353 857 3447 ἀνδριάντα
878 3359 1013 3440 τοῦτον,
1035 3346 1062 3423 ἀ
1083 3354 1163 3438 ξένε,

520 3469 650 3553 σπουδᾷ
670 3471 727 3537 καὶ
748 3467 815 3556 λέγ’
841 3463 926 3536 έπάν
946 3473 980 3547 ές
1002 3465 1094 3536 οἶκον
1115 3469 1230 3562 ένθγς·

452 3577 691 3668 Ἀνακρέοντος
712 3577 803 3648 εἰκόν’
831 3579 919 3648 εἶδον
944 3586 980 3646 έν
1007 3583 1086 3665 Τέῳ,

517 3690 584 3757 τῶν
605 3685 728 3780 πρόσθ’
755 3691 836 3760 εἴτι
856 3685 1014 3782 περισσὸν
1035 3688 1216 3777 ᾠδοποιῶν.

369 3839 571 3853 *-

437 3915 484 3973 IX.
506 3913 629 3986 Pal.V1‚
645 3921 706 3976 339.
727 3918 777 3978 Vs.
792 3924 810 3976 2
826 3921 932 3986 ἥδιστον
954 3917 1036 3977 Vs.3
1053 3927 1125 3994 νίκην
1143 3913 1176 3964 .ss
1198 3919 1233 3977 X.
1256 3915 1311 3975 Pal.
1325 3912 1372 3982 VI,

367 4006 489 4146 {⁰⁶5ss
502 4001 550 4060 XI.
573 4002 629 4062 Pal„
642 4003 706 4076 VH,
723 4007 784 4064 658.
805 4037 837 4049 -
861 4005 921 4064 ΧΠ.
939 4005 996 4064 ΡυΙ.
1010 4006 1069 4077 VII,
1087 4007 1147 4065 659.
1166 4039 1201 4050 -
1222 4004 1293 4063 XIII.
1315 3999 1370 4059 Pal.

410 4131 419 4161 ‚
490 4133 496 4146 .
