3016 4808
405 463 597 516 Λεααιοκ
618 464 890 514 mmmm
1114 436 1150 515 43

585 645 712 713 LXXII.

144 770 352 861 Πραταλίὸρι
372 769 524 838 παιὸεἳον
539 763 643 859 Ἔρως
663 765 795 848 πόθον,
814 763 969 856 Ἄρτεμις
989 761 1106 856 άγραν,

191 885 319 950 Μοῦσα
336 877 474 970 χορούς,
488 873 595 969 ’Ἄρης
614 876 782 967 ἐγγυάλιξε
803 875 924 966 μάχαν.

144 996 215 1071 πῶς
237 991 297 1060 ούκ
318 990 438 1060 εὐαίων
460 990 479 1058 ὁ
501 986 708 1070 Λνκάστιος,
729 984 768 1068 ὃς
788 991 846 1056 καὶ
866 991 961 1078 ἔρωτι

191 1094 272 1192 ἆρχε
293 1106 350 1170 καὶ
371 1109 408 1171 ἐν
425 1104 544 1198 μολπᾷ
564 1103 621 1168 καὶ
643 1101 717 1188 δορὶ
737 1101 795 1168 καὶ
815 1095 953 1167 στάλαιι,

578 1259 720 1324 LXXIII.

144 1367 316 1459 Ἠχήεσσα
337 1367 518 1450 θάλασσα,
538 1373 572 1436 τί
593 1363 653 1436 τὸν
679 1363 841 1458 Τιμάρεος
863 1362 966 1445 ούτως

191 1478 327 1557 πλείονί
353 1481 394 1550 ού
414 1483 520 1574 πολλῇ
541 1483 596 1562 νηῒ
622 1475 867 1567 Τελευταγόρου

146 1587 250 1681 άμρια
267 1589 455 1679 χειμήνασα
476 1587 733 1680 κατεπρηνόσαο
755 1585 866 1676 πόντῳ

193 1698 256 1770 σύν
277 1700 405 1796 φόρτον,
427 1699 555 1794 λάβρον
568 1701 646 1798 κῦμ’
671 1705 901 1790 ίπιχευαμίνης

145 1811 195 1902 χὼ
215 1819 279 1901 μέν
298 1839 364 1882 που
384 1809 501 1896 καύηξι
521 1816 578 1881 καὶ
599 1808 795 1901 ίχθυβόροις
816 1814 1005 1902 λαρίὸεσσιν

194 1921 368 2014 τεθράνηά
393 1919 519 2004 άπνους
540 1923 625 2016 εύρεί
646 1930 682 1992 ἐν
703 1925 851 2011 αἰγιαλῷ,

156 2032 305 2126 Τιμάρης
326 2037 361 2104 δὲ
381 2030 479 2104 κενόν
499 2041 614 2104 τέκνου
634 2038 854 2123 κεκλαυμένου
873 2032 995 2123 άθριίν

194 2144 323 2234 τύμβον
344 2143 477 2240 δακρύει
496 2150 603 2216 παῖδα
630 2143 884 2237 Τελευταγόρην.

580 2295 723 2361 LXXIV.

150 2399 259 2484 Ξεῖνε,
280 2400 494 2495 Συρακόσιός
515 2428 569 2471 τοι
589 2400 674 2492 ἀνὴρ
695 2400 767 2472 τόδ’
793 2405 922 2493 ἐφίεται
937 2397 1084 2489 Ὄρθον,

192 2521 360 2603 χειμερίας
380 2510 518 2601 μεθύον
538 2510 678 2603 μηδαμά
699 2509 815 2593 νυκτός
835 2512 913 2593 ἰὀις·

151 2630 210 2695 καὶ
231 2621 295 2714 γάρ
318 2621 380 2712 ἐγώ
402 2628 554 2695 τοιοῦτον
575 2629 641 2714 ίχω
657 2623 778 2716 μόρον,
800 2623 876 2692 άντὶ
898 2627 932 2692 δὲ
953 2624 1105 2705 *πολλῆς

196 2740 357 2822 πατρίδος
379 2735 521 2819 ὀθνείην
541 2747 652 2826 κεῖμαι
672 2732 904 2830 ἐφεσσάμενος.

586 2898 713 2963 LXXV.

155 3003 254 3091 Μήτε
276 3007 385 3100 μακρῇ
405 3008 564 3098 θαρσέων
585 3008 755 3075 ναυτίλλεο
777 3003 860 3094 μήτε
881 3005 1008 3097 βαθείῃ

198 3121 269 3200 νηί·
294 3126 408 3207 κρατεῖ
428 3113 555 3198 παντὸς
576 3115 739 3210 δούρατος
761 3115 806 3196 εἷς
827 3113 957 3203 άυεμος.

154 3228 254 3298 άλεσε
275 3232 333 3296 καὶ
353 3225 541 3320 Πρόμαχον
562 3233 661 3312 πνοιὴ
683 3225 770 3316 άμα,
791 3229 880 3315 κῦμα
901 3230 936 3296 δὲ
958 3222 1083 3305 ναύτας

200 3337 335 3430 ἀθρόον
357 3346 390 3419 ἐς
410 3343 526 3423 κοίλην
550 3339 757 3433 ἐστυφέλιξεν
778 3335 854 3406 άλα.

156 3452 197 3522 οὐ
217 3449 285 3539 μήν
307 3457 339 3519 ολ
361 3454 489 3540 δαίμων
509 3448 619 3535 πάντη
639 3439 756 3532 κακός·
779 3448 847 3517 ἀλλ’
873 3451 922 3517 ἐνὶ
943 3452 1011 3544 ναίι

122 3564 125 3568 ’
199 3565 335 3652 πατρίδι
355 3557 412 3630 καὶ
431 3559 560 3650 τύμβου
581 3567 638 3633 καὶ
658 3568 796 3656 κτερέων
817 3564 932 3650 ίλαχεν

227 3822 337 3880 LXXII.
359 3820 416 3878 Pal.
429 3820 491 3890 Vll,
509 3823 569 3879 449.
590 3855 621 3866 -
639 3821 763 3880 Lxxlll.
784 3821 840 3879 Pal.
852 3819 917 3890 Vll,
935 3822 996 3877 652.
1020 3819 1097 3876 vs.7
1116 3842 1160 3874 κε-

157 3916 300 3984 κλαυμένου
318 3938 353 3950 -
370 3907 493 3965 LXXIV.
512 3907 644 3978 Pal.V11‚
661 3911 721 3966 660.
744 3907 824 3966 Vm
844 3906 907 3964 fort.
925 3912 967 3982 ίρς
985 3925 1045 3962 cum
1063 3903 1160 3960 Schne-

158 3994 224 4051 sero.
243 4025 277 4037 —
298 3993 410 4052 LXXV.
433 3993 489 4052 Pal.
507 3992 570 4064 Vll,
586 3997 649 4056 665.
677 3993 756 4052 le
780 3993 842 4052 fort.
865 3998 973 4070 βραχείρ
999 4012 1022 4048 c.
1040 3989 1159 4048 Reiskio.

156 4080 237 4138 Vs‚3
255 4081 315 4138 fort.
335 4080 482 4157 Προμάχου
501 4085 577 4154 πνοιὴ
595 4090 647 4148 νέα,
