3026 4816
435 462 696 524 honorario
717 462 903 524 Glll'l'lCA.
1122 467 1175 523 12³

258 617 324 682 LII.
365 618 421 682 Va.
446 619 464 682 l
493 615 676 682 Brrmokius
704 615 802 682 τοῦτο
830 609 869 682 τὸ
897 615 958 683 τοῦ
978 616 1173 694 Κλιίτιονος.
1254 689 1256 693 ,

169 728 344 796 Jacohaius
372 725 463 795 τοῦτ’
490 724 612 814 ὀλίγον.
661 727 705 793 At
732 730 897 815 sequentia
932 731 1027 794 etiam
1054 728 1175 794 hahent

170 845 205 908 in
227 840 342 929 quibus
364 841 505 906 haereas.
549 838 634 907 Cod.
656 835 679 921 ἡ
700 835 730 905 ι’
757 833 940 924 ὀλιγόλανξ.
981 840 1096 907 Suidas
1118 835 1170 922 ἥτ’
1196 884 1200 890 ,

172 948 359 1039 ὀλιγαύλαξ.
421 952 579 1016 Kusterus
613 960 646 1016 et
676 950 848 1017 Jacohsiua
883 945 906 1030 ἥ
942 946 971 1016 τ’
1004 946 1174 1036 ὀλιγώλιιξ.

127 1113 136 1130 .
170 1067 304 1132 Rectius
326 1060 503 1146 ὀλιγῶλαξ,
531 1062 584 1127 vel
607 1059 799 1148 ὀλιγαῦλαξ,
827 1061 915 1150 quod
941 1065 996 1150 qui
1016 1085 1078 1150 pro
1101 1063 1175 1129 suh-

173 1178 314 1241 stantivo
336 1173 448 1239 hahuit
461 1173 587 1253 suidas,
608 1169 800 1256 ὀλιγαῦλαξι
822 1171 844 1256 ἡ
865 1167 966 1261 μικροὶ
982 1170 1084 1264 χώρα,
1106 1177 1175 1240 sine

173 1285 272 1352 dubio
303 1288 435 1362 erravit3
463 1307 567 1372 neque
596 1295 730 1374 apparet
757 1286 844 1352 unde
873 1287 1071 1374 σπείρεσθαι
1096 1307 1176 1373 pen-

174 1396 257 1463 deat.
302 1397 389 1462 Vide
410 1399 509 1486 Igitur
531 1419 572 1463 an
593 1398 689 1464 fuerit
710 1400 808 1464 τοῦτο
830 1398 1017 1475 Κλείτωνος
1036 1399 1097 1483 μὲν
1118 1403 1176 1463 έπ-

173 1504 289 1574 αύλιόν
310 1505 377 1574 ἐστ’
397 1505 560 1592 ὀλιγῶλοιξ
573 1511 781 1598 σπείρεσθαι.
815 1512 911 1576 Vsu
934 1505 1023 1587 λιτός
1044 1511 1085 1575 θ’
1100 1511 1175 1575 scri-

171 1622 223 1708 psi
246 1640 284 1684 ex
306 1619 405 1685 Suida
426 1642 486 1707 pro
509 1616 598 1698 λιτός
620 1618 663 1687 δ’.
709 1623 768 1687 Vs.
789 1622 811 1686 3
837 1615 992 1706 ῥωπιύιιν
1015 1620 1175 1687 Reishius.

172 1731 289 1816 Neque
311 1729 404 1795 aliter
425 1731 539 1797 Suidas
562 1756 592 1796 v.
608 1734 722 1821 ῥῶπος,
744 1732 799 1799 uhi
820 1732 953 1821 legitur:
974 1734 1030 1799 καί
1052 1728 1176 1820 ῥωπεύ-

174 1865 229 1921 ειν,
251 1836 456 1921 ξυλεύισθαι.
478 1838 578 1909 τοῦτό
599 1867 652 1909 τοι
673 1837 825 1929 ῥωπεύεις
847 1839 1047 1928 ὀλιγόξολον.
1091 1841 1176 1911 Cod.

173 1952 241 2019 Pal.
271 1975 435 2040 ρωπαιειν.
480 1953 546 2019 Sed
575 1950 766 2040 ὀλιγόξνλον
795 1977 863 2021 non
890 1958 991 2044 magis
1019 1976 1079 2044 pro
1104 1955 1177 2021 suh

173 2066 312 2130 stantivo
348 2062 460 2131 haberi
493 2075 603 2153 potest
637 2088 730 2153 quam
764 2065 940 2151 ὀλιγῶλαξ.’
986 2066 1177 2153 Suspicahar

174 2170 272 2243 τοῦτό
293 2197 328 2240 τι
350 2171 506 2262 ῥωπεύειν
527 2172 641 2262 ὀλίγον
662 2173 769 2258 ξύλον,
791 2187 827 2244 ut
848 2173 954 2258 ξύλον,
977 2178 1177 2265 quemadmo-

175 2285 249 2353 dum
271 2289 306 2350 in
327 2296 440 2353 nostro
462 2309 626 2367 sermone,
649 2287 690 2353 de
712 2288 826 2354 silvula
848 2288 967 2354 dictum
988 2293 1037 2354 sit.

262 2399 344 2464 LIII.
388 2401 490 2465 vs.3
518 2403 753 2486 περιστέψαιτο
789 2421 856 2466 non
892 2400 989 2465 oredo
1018 2403 1177 2489 integrum

176 2532 255 2577 esse.
290 2511 415 2574 Forsan
436 2507 659 2595 περισιέξαιτο
675 2509 855 2600 legendum.
890 2512 986 2578 Vsh
1007 2510 1178 2578 Jaoohsius

176 2617 275 2704 ἢκαλ
298 2623 443 2685 coniecit.
488 2621 534 2686 lh.
557 2644 592 2686 τι
614 2644 675 2709 pro
697 2646 734 2707 ys
756 2602 916 2689 Reishius.

263 2734 348 2799 LVI.
382 2735 441 2798 Vs.
461 2737 475 2799 l
501 2755 562 2821 pro
586 2733 701 2814 ὃισσῆς
722 2734 892 2823 legendum
906 2733 1034 2800 videtur
1055 2735 1179 2816 λισσῆς.

177 2848 234 2911 Vs.
255 2847 277 2911 3
299 2845 470 2910 Jacohsius
492 2847 671 2933 suspicatur
691 2850 810 2935 πέτρα,
836 2846 925 2933 quod
946 2849 1054 2935 potius
1076 2851 1178 2935 πέτρη

176 2957 378 3023 scribendum
407 2967 505 3035 esset;
533 2956 592 3022 sed
619 2967 707 3023 recte
736 2958 856 3047 legitur
882 2961 999 3046 πέτραι
1026 2961 1178 3043 κρηνέων,

177 3068 290 3155 quihus
312 3067 418 3133 verbis
448 3091 522 3134 saxa
550 3069 771 3159 significantur
798 3073 833 3135 in
859 3068 966 3134 medio
995 3071 1056 3135 rivi
1084 3069 1177 3135 alveo

176 3182 398 3268 prominentia.
449 3180 537 3245 Idem
571 3181 693 3268 reliqua
726 3185 773 3246 sic
799 3185 1027 3268 interpretatur
1055 3183 1179 3261 „Poeta

176 3295 283 3382 pergit
304 3296 339 3357 in
360 3292 505 3358 locorum
527 3314 675 3359 recensu:
697 3295 754 3359 καὶ
775 3289 898 3379 κόσμια
918 3293 1024 3359 ταῦτα
1045 3297 1094 3375 (et
1110 3294 1180 3383 pul-

177 3406 253 3470 chra
274 3406 352 3469 haec
367 3407 635 3488 circumiacentia)
656 3409 692 3469 ἐν
705 3399 823 3472 ὕδασιν
835 3401 944 3491 ὑμέων
965 3407 1038 3493 (pro
1053 3409 1089 3470 έν
1101 3403 1179 3492 ὑμε-

177 3520 281 3603 τέροις
302 3511 434 3598 ὕδασιν)
457 3507 614 3602 ὦκοῦραι
635 3517 834 3603 (Nymphae)
855 3511 1065 3602 τεγγόμενα.“
1101 3517 1180 3582 Non

177 3628 275 3694 credo
298 3629 378 3693 haec
399 3628 531 3716 probari
551 3649 661 3715 posse,
682 3631 817 3716 primum
841 3629 884 3694 oh
907 3627 1078 3693 verborum
1098 3638 1181 3693 stru-

178 3750 300 3806 cturam
321 3740 432 3830 paullo
451 3739 694 3828 impeditiorem,
717 3750 783 3806 tum
797 3762 876 3806 vero
898 3749 1069 3828 propterea
1092 3739 1180 3827 quod

177 3847 298 3938 κόσμια
320 3874 389 3918 non
403 3851 553 3916 videntur
574 3855 635 3917 nisi
660 3853 700 3918 de
722 3852 836 3941 ligneis
854 3853 1073 3940 Nympharum
1094 3850 1180 3940 sigil-

178 3962 218 4028 lis
240 3964 376 4053 intelligi
398 3985 508 4051 posse,
535 3987 615 4050 quae
637 3964 738 4054 vulgo
760 3959 962 4051 κοροκόσμια
984 3962 1178 4027 dicebantur.

178 4076 505 4142 Antiatum-Bellen
529 4077 648 4143 Anocd.
677 4102 708 4164 p.
734 4078 813 4155 102,
835 4078 856 4141 5
885 4070 1101 4162 Κοροκόσμια
1125 4095 1181 4138 κν-
