3028 4826
349 460 404 518 228
691 454 1008 518 coniecerunt.

351 630 429 686 στος
456 611 619 698 scripsisse
647 608 782 676 videtur.
835 611 980 675 Tertium
1010 607 1169 674 distichon
1197 608 1294 674 habet
1316 611 1352 674 iu

351 743 415 807 quo
439 719 595 788 offendas.
627 723 729 787 Recte
750 719 853 786 codex
874 720 941 787 Pal.
963 741 1023 807 pro
1046 742 1083 805 γε
1104 719 1201 785 habet
1216 721 1260 785 δέ.
1294 720 1353 784 Di-

351 833 477 920 stiugue
498 834 608 920 igitur:

295 941 299 950 '
394 938 468 1007 ἀλλ’
486 945 580 1030 ἐρέω,
601 937 772 1027 σύγγνωθι
794 938 835 1009 σύ
856 965 928 1029 μοι,
950 950 1056 1020 κεῖνος
1077 942 1112 1008 δέ
1133 944 1312 1007 πέπεισται.

439 1053 504 1119 Ζεῦ
525 1048 643 1143 πάτερ,
666 1048 836 1140 ἀγνώστου
857 1056 907 1131 τίς
924 1049 1022 1142 χάρις
1043 1050 1207 1139 εὐτυχίηςς

490 1433 491 1436 ¹
660 1362 956 1429 truncorum,
977 1357 1037 1412 1⁷8.

392 1469 602 1562 Ἐξεφλέγην,
628 1469 682 1539 ὅτε
708 1473 823 1549 Θεῦὸις
845 1457 1007 1561 ἐλάμπετο
1029 1475 1144 1540 παισὶν
1165 1478 1201 1538 ἐν
1222 1467 1335 1548 ἄλλοις

440 1579 510 1660 οἷος
531 1564 735 1651 ἐπαντέλλων
755 1580 919 1671 ἀστράσιν
939 1582 1063 1666 ἠέλιος·

394 1690 519 1761 τούνεκ’
539 1696 585 1759 έτι
607 1695 771 1786 φλέγομαι
791 1697 848 1761 καὶ
869 1698 930 1763 νῦν
952 1690 1006 1762 ὅτε
1027 1698 1119 1762 νυκτὶ
1140 1698 1333 1782 λαχνοῦται·

439 1800 596 1890 δυόμενος
617 1799 682 1894 γὰρ
705 1801 794 1892 ὅμως
814 1802 908 1888 ἥλιός
929 1812 1018 1874 ἐστιν
1039 1809 1094 1872 έτι.

352 1953 497 2039 Ineptum
520 1972 589 2016 esse
612 1950 700 2038 quod
721 1961 816 2018 tertio
838 1976 934 2019 versu
961 1953 1080 2044 legitur
1099 1957 1191 2020 νυκτὶ
1212 1953 1353 2038 λυχνοῦ-

352 2087 422 2143 ται,
443 2062 593 2129 videruut
614 2066 669 2149 qui
690 2064 754 2130 hoc
774 2085 900 2130 carmen
925 2074 1101 2130 tractarunt
1123 2087 1242 2130 ornnes.
1286 2064 1353 2129 Sed

352 2197 413 2240 nec
434 2175 578 2240 Salinasii
600 2177 786 2241 coniectura
812 2177 904 2260 μῆλα
925 2176 1104 2264 λαχνοῦται
1129 2175 1261 2263 probari
1281 2186 1354 2262 pot

354 2296 417 2366 est,
444 2308 506 2351 nec
533 2285 620 2372 quod
641 2286 811 2352 Jacobsius
834 2292 969 2354 tentavit
996 2284 1051 2354 ὅτε
1081 2291 1113 2353 οἱ
1134 2288 1234 2353 πτίλα
1252 2288 1355 2374 χνοῦς

352 2420 396 2462 τε.
430 2398 468 2462 ln
490 2419 554 2484 quo
577 2408 613 2464 ut
634 2397 696 2463 aliu
717 2401 837 2464 mittam
856 2402 949 2465 etiam
969 2402 1069 2466 πτίλα
1088 2399 1242 2486 displicet,
1265 2397 1354 2484 quod

353 2511 407 2594 qui
436 2508 476 2573 de
501 2508 652 2597 lanugine
680 2508 795 2576 dixerit
823 2510 965 2576 noudum
987 2514 1127 2599 repperi.
1178 2510 1276 2577 Certe
1298 2513 1355 2574 Ja-

353 2619 459 2685 cobsii
472 2619 622 2707 exempla,
644 2625 679 2687 in
701 2621 817 2708 quibus
831 2623 932 2688 πτίλα
947 2622 988 2688 de
1002 2624 1117 2709 plumis
1133 2625 1236 2687 avium
1253 2619 1355 2688 alisve

353 2730 510 2811 dicuntur,
530 2731 610 2797 nihil
631 2732 779 2820 probant.
812 2733 1021 2800 Scribeudum
1036 2734 1163 2799 videtur
1178 2727 1232 2798 ὅτε
1247 2728 1357 2798 πυκνοὶ

353 2846 539 2928 λαχνοῦται.

754 2959 952 2968 -———-.-——

664 3119 802 3171 eunuco
820 3119 878 3171 ru.
894 3119 961 3186 uu,
982 3117 1041 3170 uu.

402 3227 468 3296 Οὐκ
489 3229 587 3316 ἐχθὲς
607 3241 686 3307 παῖς
708 3221 805 3311 ἦσθα
826 3234 882 3298 καὶ
905 3230 974 3298 οὐδ’
990 3227 1073 3320 ίίναρ
1091 3223 1187 3309 οὗτος
1202 3228 1220 3297 ὁ
1236 3226 1359 3314 πώγων

442 3335 566 3422 ἤλυθες
588 3343 657 3419 πῶς
678 3339 781 3426 ἀνέβη
804 3344 902 3410 τοῦτο
924 3338 963 3409 cd
985 3339 1166 3429 δαιμόνιον,

396 3455 453 3518 καὶ
480 3452 564 3539 τριχὶ
591 3449 689 3518 πάντ’
714 3449 857 3544 ἐκάλυψε
878 3449 921 3520 τοί
942 3457 1021 3541 πρὶν
1043 3449 1147 3528 καλάς
1175 3453 1239 3545 φεῦ
1259 3457 1294 3517 τί
1315 3449 1357 3519 τὸ

950 3566 1091 3652 stadum

441 3676 539 3761 ἐχθὲς
566 3676 709 3764 Τρωίλος
731 3671 776 3742 ὢν
797 3678 866 3754 πῶς
887 3680 998 3762 ἐγένου
1019 3679 1193 3766 Πρίαμοςς

354 3825 460 3888 Versu
493 3821 635 3888 secundo
664 3822 833 3888 Jacobsius
869 3822 1011 3888 tentabat
1044 3825 1112 3900 πῶς
1147 3819 1178 3888 σ’
1205 3815 1258 3909 ἄρ’
1284 3822 1358 3906 έβη,

353 3934 543 4001 Schaeiems
570 3935 639 4010 πῶς
668 3934 798 4018 συνέβη.
848 3933 980 4000 Νουίτο
1003 3956 1086 4021 opus
1114 3933 1251 4000 videtur.
1308 3930 1360 4000 Τὸ

353 4042 525 4132 δαιμόνιον
539 4044 671 4111 barbam
687 4044 765 4110 dicit
780 4044 887 4111 subito
903 4055 1017 4127 natum,
1039 4043 1234 4130 ἀναβαίνειν
1249 4055 1361 4111 autem
