3016 4808
430 449 621 502 ΛΕΩΝΙΔΑ
643 453 918 502 ΤΛΡΛΝΤΙΝΟΥ
1141 452 1177 504 25

174 603 210 664 ἐκ
231 593 343 678 τόκου,
365 587 391 663 ὦ
413 600 547 680 Λητοέ,
568 599 796 689 βαρυνομένης
817 595 870 666 ὅτι
889 594 992 682 νηδύν

218 702 303 790 ζωόν
324 705 376 775 ἀπ’
403 706 528 776 ὠδίνων
550 706 654 778 λύσαο
677 711 777 792 τῆσδε
798 711 933 802 βρέφος.

646 833 702 900 ΠΙ.

171 941 227 1010 Ἐκ
247 939 362 1024 τόκου,
383 939 568 1026 Εέλήθυια,
589 939 711 1031 πικρὰν
732 941 837 1012 ὠδῖνα
858 947 1011 1037 φυγοῦσα

216 1052 405 1145 ’Λμβροσίη
426 1057 560 1122 κλεινῶν
581 1051 716 1138 δήκατό
739 1078 793 1125 σοι
815 1051 881 1144 πρὸ
903 1057 1014 1123 ποδῶν

176 1168 283 1253 δέσμαι
303 1162 410 1256 κόμας
430 1169 487 1233 καὶ
508 1170 647 1248 πέπλον,
670 1172 706 1234 έν
727 1157 755 1252 ᾧ
777 1164 902 1253 δοκότῳ
924 1167 978 1235 ἐπὶ
998 1171 1079 1254 μηνὶ

121 1270 125 1274 ’
219 1271 336 1347 δισσόν
358 1272 426 1346 ἀπὸ
448 1273 552 1360 ζόμης
572 1276 642 1366 κῦμ’
667 1272 816 1364 ἐλόχευσε
837 1282 968 1346 τέκνων.

649 1402 706 1468 [V.

183 1514 343 1591 Τέκτονος
364 1507 493 1601 όρμένα
514 1513 620 1579 ταῦτα
641 1515 843 1602 Λεοντίχου,
866 1517 906 1580 αἴ
924 1536 959 1580 τε
978 1517 1145 1604 χαρακταό

220 1624 314 1712 ῥῖναι
336 1627 394 1692 καὶ
414 1619 527 1714 κόλων
547 1628 578 1691 οἱ
601 1627 730 1713 ταχινοὶ
750 1626 873 1714 βορέες,

177 1729 333 1821 στάθμαν
352 1737 410 1802 καὶ
430 1737 561 1823 μιλτεῖοι
581 1738 639 1803 καὶ
660 1740 696 1804 αἱ
718 1731 836 1823 σχεδόν
856 1734 1066 1830 ἆμφοπλῆχες

224 1847 364 1937 σφύραι,
385 1849 442 1915 καὶ
463 1848 568 1934 μίλτῳ
590 1843 772 1940 φυρόμενοι
792 1844 939 1930 κανόνες,

178 1960 218 2024 αἴ
236 1955 261 2024 τ’
286 1955 397 2049 όρέδες
419 1956 540 2048 ξυστήρ
561 1981 602 2026 τε.
617 1960 675 2025 καὶ
695 1961 931 2048 έστελεωμένος
952 1952 1048 2040 οὗτος

85 2137 88 2142 .
223 2067 404 2160 έμβριθής,
425 2077 543 2159 τέχνας
564 2068 583 2138 ὁ
605 2066 777 2159 πρύτανις,
798 2073 939 2152 πέλεκυς,

178 2177 330 2270 τρύπανό
351 2180 375 2249 τ’
402 2180 556 2265 εύδένητα
576 2184 633 2249 καὶ
659 2177 805 2262 αἰκήεντα
827 2187 970 2274 τέρετρα,

223 2295 280 2360 καὶ
300 2287 441 2386 γόμφων
463 2286 555 2362 οὗτοι
575 2296 630 2360 τοὶ
649 2296 783 2383 πίσυρες
802 2298 923 2383 τορέος,

178 2402 347 2498 ἀμφέξονν
368 2427 404 2472 τε
427 2407 628 2493 σκέπαρνον·
650 2399 674 2470 δ
697 2398 739 2486 δὴ
756 2409 921 2494 χαριέρχρι
939 2398 1079 2490 Ἀθάνα

225 2510 313 2606 ὡνὴρ
336 2522 372 2583 ἐκ
392 2519 508 2603 τέχνας
529 2511 664 2597 θήκατο
687 2511 883 2602 παυόμενος.

661 2641 703 2705 V.

274 2744 343 2818 Τόν
363 2747 528 2841 ἀργυροῦν
543 2744 686 2841 Ἔρωτα,
710 2751 767 2817 καὶ
787 2750 992 2842 περέσφυρον

269 2861 384 2943 πέζαν,
409 2855 449 2929 τό
471 2863 662 2954 πορφυροῦν
683 2885 719 2928 τε
740 2862 908 2947 Λεσβέδος
931 2856 1036 2947 κόμης

269 2975 400 3060 έλιχμα,
421 2975 478 3041 καὶ
499 2975 667 3061 μηέοῦχον
687 2969 866 3062 ὑαλόχροα,

270 3080 308 3152 τό
326 3080 469 3172 χόλκεόν
490 3083 514 3151 τ’
540 3087 715 3175 έσοπτρον,
741 3083 799 3166 ἠδὲ
820 3079 881 3150 τόν
902 3080 1030 3151 πλατύν

230 3197 232 3204 '
270 3198 389 3286 τριχῶν
410 3198 655 3285 σαχηνουτῆροι,
676 3192 812 3277 πύξινον
832 3198 939 3275 κτένα,

271 3298 317 3375 ὧν
338 3303 463 3391 ἤθελέν
484 3310 643 3396 τυχοῦσα,
665 3310 787 3394 γνησία
808 3301 929 3394 Κύπρι,

270 3424 307 3486 ἐν
327 3431 404 3498 σαῖς
424 3421 544 3502 τίθησι
565 3421 768 3486 Καλλίκλεια
789 3412 964 3484 παστάσιν.

655 3543 713 3610 Vl.

189 3649 258 3720 Τόν
278 3659 402 3742 νομέην
423 3657 480 3722 καὶ
501 3657 627 3722 ἔπαυλα
648 3654 740 3740 βοῶν
760 3655 818 3720 καὶ
838 3646 990 3742 βώτορας
1012 3645 1138 3740 ἄνδρας

229 3762 402 3852 σινόμενον
423 3762 571 3853 κλαγγάν
592 3764 616 3831 τ’
643 3762 716 3851 οὐχὶ
737 3767 902 3854 τρέσαντα
922 3766 1027 3861 κυνῶν

254 3937 297 3995 ιιι
315 3937 428 4010 νυνι,
442 3943 502 3998 τοο.
515 3938 608 3997 -1v.
627 3937 741 4008 νου,
752 3942 814 3996 τοι.
832 3938 908 3997 νιν
921 3938 1025 4012 νιιριῃ,
1036 3966 1071 3977 -
1086 3936 1119 3995 v.
1132 3919 1187 3994 νο.

101 4041 102 4046 ’
184 4022 232 4093 Vl,
243 4027 304 4081 211.
322 4024 402 4084 Vm
419 4027 575 4102 πορφυροῦν
592 4023 671 4084 VM}
688 4025 750 4083 fort.
764 4029 871 4100 Κρηοέοι
884 4057 915 4068 -
935 4021 981 4082 Vl.
1000 4021 1056 4080 Pal.
1069 4021 1115 4094 VI,
1127 4027 1188 4081 262.

183 4107 265 4167 νο]
283 4109 343 4169 fort.
364 4111 415 4170 Τόν
433 4136 462 4168 τε
479 4115 561 4185 νομήν
