3026 4816
453 445 714 508 annonario
736 413 926 508 enimes
1140 451 1190 506 151

274 600 329 665 111.
365 601 519 686 Apertum
542 609 590 666 est
604 600 770 680 Leontem,
792 603 847 687 qui
869 603 980 687 quinto
996 621 1092 666 versu
1106 621 1191 665 com-

186 721 393 790 memoratur,
421 719 544 798 patrem
568 733 638 776 esse
659 714 752 799 pueri
773 733 885 777 recens
907 715 989 792 nati,
1013 712 1190 778 Themisto

188 823 279 888 dicae
301 825 461 902 maritum,
484 821 651 889 Cichesiae
673 822 782 889 filium.
827 823 858 888 Is
884 826 981 912 igitur
1001 833 1149 911 precatur
1171 845 1189 888 a

186 935 291 1000 Diana
314 944 351 1000 ut
371 956 506 1022 puerum
520 935 672 1000 infantem
695 936 871 1020 (νηπίαχον
887 936 943 1000 καὶ
958 939 1053 1002 εὶσέτι
1068 936 1189 1017 παῖδα)

187 1049 295 1134 augeri
324 1055 356 1111 et
382 1044 565 1112 adolescere
588 1044 706 1111 videat.
751 1047 840 1112 Haec
867 1054 895 1113 si
916 1054 1043 1124 teneas,
1071 1045 1188 1113 intelli-

186 1161 273 1246 gitur
295 1156 439 1222 ultimum
462 1156 621 1222 distichon
642 1160 687 1223 ita
709 1156 910 1223 scribendum
934 1178 1017 1223 esse:

246 1262 396 1356 Ἄρτεμι,
418 1269 581 1353 νηπίαχον
603 1269 637 1333 δὲ
659 1269 716 1334 καὶ
738 1273 834 1335 είσέτι
854 1269 960 1335 παῖδα
982 1270 1109 1334 Λέοντι

295 1381 413 1446 νεῦσον
435 1380 515 1444 ἰδεῖν
535 1381 656 1464 κοῦρον
676 1377 741 1464 γαῖ’
767 1374 993 1466 έπαοξόμενον.

186 1492 254 1558 Cir.
277 1491 472 1578 Antiphilam
487 1489 584 1554 Anth.
607 1490 673 1555 Pal.
689 1491 741 1570 IX,
758 1493 824 1557 306
847 1484 933 1556 ἀλλὰ
947 1489 1092 1575 Σαβίνῳ
1114 1513 1187 1557 κατε

185 1606 322 1690 νοτέρην
348 1600 450 1682 πῆξαι
478 1594 621 1678 Παλέας
648 1603 755 1670 ένενσε
787 1598 912 1690 τρόπιν.
964 1602 1114 1669 Genuina
1142 1602 1188 1668 le-

186 1717 292 1779 ctione
320 1723 448 1801 reperta
477 1733 544 1778 non
574 1722 622 1777 est
650 1713 738 1800 quod
767 1713 900 1781 aliorum
933 1723 1109 1780 commenta
1137 1735 1187 1781 re·

185 1848 339 1891 censeam.

337 2046 654 2108 mosmos
676 2045 1025 2113 smmum.

271 2171 295 2235 Ι.
338 2172 397 2235 Vs.
419 2172 439 2237 5
468 2163 586 2257 κεροιός
613 2165 736 2259 τράγος
763 2161 860 2249 οὗτος
887 2167 907 2236 ὁ
932 2167 1047 2256 μαλός.
1098 2171 1182 2239 Cod.

183 2281 250 2348 Pal.
271 2284 387 2367 μᾶλος.
424 2280 605 2347 Brunclrius
626 2275 761 2366 μαλλός,
782 2281 871 2369 quod
884 2281 1056 2349 Jacobsius
1070 2305 1184 2371 sequu-

183 2403 234 2459 tus
263 2404 319 2459 est.
363 2391 470 2458 Valde
498 2395 620 2458 ineerta
649 2402 697 2458 est
723 2393 816 2458 huius
846 2392 995 2474 adiectivi
1019 2397 1182 2482 scriptura.

114 2541 118 2548 .
183 2503 353 2591 Duplicem
375 2503 525 2591 liquidam
554 2506 637 2569 tueri
657 2503 783 2570 videtur
803 2506 999 2592 Hesychius,
1027 2501 1181 2583 Μαίλόςε

182 2609 221 2681 τὸ
243 2617 339 2702 έριον.
362 2616 419 2682 καὶ
440 2611 461 2696 ἡ
483 2617 666 2700 καθειμένη
687 2611 788 2702 κόμη,
811 2613 830 2683 ὁ
850 2616 958 2707 κέκριξ
978 2616 1062 2708 (leg.
1085 2615 1104 2685 ὁ
1126 2619 1183 2684 καὶ

182 2725 276 2814 κρέξ)
303 2728 359 2792 καὶ
387 2721 532 2803 σκόλλνς.
558 2728 706 2793 καλεῖται
734 2728 768 2793 δὲ
795 2731 853 2795 καὶ
879 2723 922 2794 τοί
943 2733 1046 2810 πηνία
1073 2733 1181 2812 (reete

182 2837 277 2903 Salm.
305 2838 444 2924 ποίμνια
459 2839 663 2928 suffragante
686 2839 788 2922 cod).
815 2835 902 2907 ὅθεν
928 2842 984 2908 καὶ
1005 2834 1182 2928 μαλλωτὴν

181 2951 362 3018 καλεῖσθαι
381 2943 443 3031 τὴν
458 2943 564 3031 Ἴδην,
593 2945 649 3017 daei
669 2945 708 3017 τὸ
729 2949 986 3041 πολοπρόβιιτον
1007 2947 1099 3019 εἶναι
1124 2954 1193 3036 καὶ]

181 3056 303 3138 λευκός.
347 3061 553 3127 Manifestum
583 3073 631 3128 est
659 3061 868 3130 diversissima
890 3066 943 3130 hic
963 3075 1083 3134 temere
1106 3045 1181 3129 con-

180 3176 288 3238 iuncta
311 3194 388 3253 esse,
409 3169 536 3260 μαλλός
559 3177 785 3256 cincinnus,
808 3186 840 3242 et
855 3179 949 3263 μᾶλα
970 3178 1089 3262 (μῆλα)
1112 3197 1180 3264 pe-

181 3305 284 3350 oora.
329 3283 378 3349 Ac
404 3285 667 3374 quemadmodum
693 3309 754 3375 pro
781 3282 957 3374 μαλίωτήν
977 3287 1179 3354 scribendum

180 3405 230 3462 est
250 3397 409 3482 μαλῶτιν,
431 3420 681 3486 pecorosam,
706 3402 751 3464 ita
773 3421 814 3466 ne
837 3400 877 3466 de
897 3396 1023 3487 μαλίός
1044 3401 1179 3488 quidem,

180 3508 267 3595 quod
302 3531 362 3595 per
388 3505 499 3588 λευκός
528 3512 679 3599 explieat,
712 3511 786 3576 hinc
820 3510 939 3599 aliquid
968 3515 1046 3600 certi
1074 3534 1177 3579 eruas.

178 3619 266 3685 ldem
289 3615 550 3713 Μαλλοποίρηοςι
572 3619 809 3708 λενκοπάρειος.
845 3624 942 3710 Atqui
964 3605 1049 3711 aqud
1072 3625 1178 3689 Theo-

180 3735 291 3796 critum
319 3731 366 3797 Id.
388 3734 549 3814 XXVI,1
581 3744 668 3800 recte
696 3733 771 3800 libri
797 3731 1019 3828 μαλοποίρηος.
1070 3736 1176 3824 Atque

179 3845 221 3907 ita
245 3847 338 3910 etiam
360 3844 446 3932 apud
459 3847 655 3933 Hesychium
669 3845 843 3914 litterarum
858 3847 940 3915 ordo
956 3851 1070 3936 poscit,
1091 3848 1176 3936 apud

179 3977 271 4040 quem
294 3978 374 4042 quae
397 3960 538 4044 sequitur
558 3958 667 4048 glossa
684 3951 859 4040 Μαλλόεις,
877 3957 1086 4037 ’Λπόλλωνος
1106 3960 1176 4026 έπί-

178 4067 298 4148 θετον,
318 4071 353 4133 in
376 4091 414 4136 ea
436 4068 544 4136 itidem
565 4070 651 4137 haud
675 4071 772 4139 dubie
795 4066 944 4149 Μαλότις
966 4069 1174 4136 scribendum.
