3026 4816
334 469 386 524 116
602 458 860 520 Annornnlo
884 457 1070 518 cululcn.

335 617 409 684 dum
432 617 609 682 oonieeere.
642 615 693 680 Eo
715 615 845 679 nomine
859 612 966 677 Diana
985 610 1153 677 colebatur
1174 610 1258 699 apud
1274 609 1338 678 Ca-

334 728 496 816 lydonios,
518 727 708 806 Messenios,
730 727 908 790 Patrenses.
942 725 984 787 V.
1006 723 1141 788 Pansan.
1156 723 1213 803 lV,
1229 725 1282 803 31,
1304 726 1337 789 6.

333 841 411 921 Vll,
432 842 470 918 8,
490 841 521 905 6.
570 838 660 904 Idem
683 836 842 925 Apollinis
865 856 1045 925 cognomen
1065 835 1164 900 fuisse
1186 833 1340 923 intelligi-

334 962 387 1018 tur
415 973 453 1016 ex
480 947 585 1034 Strnb.
612 951 656 1028 X,
682 973 714 1036 p.
738 950 804 1014 459
832 946 918 1014 unde
945 941 1149 1035 Λαφριάὸαι
1172 946 1339 1033 phratrine

334 1083 452 1129 nomen
481 1060 566 1150 apud
593 1058 741 1148 Delphos
770 1068 852 1124 teste
879 1057 1043 1144 Hesychia
1071 1080 1102 1120 v.
1124 1052 1338 1148 Λαφριάδωι.

334 1172 414 1239 lhid.
442 1177 478 1238 ἐκ
505 1166 633 1253 πλάνης
661 1169 733 1237 cod.
783 1169 923 1236 Brunch.
952 1173 988 1234 ἐκ
1015 1171 1137 1248 πενίης.
1190 1170 1338 1256 Toupius

335 1282 468 1351 Emend.
492 1282 533 1349 ed
551 1281 693 1362 Suid.11,
715 1306 746 1370 p.
763 1283 828 1349 318
850 1286 886 1346 ἐκ
908 1281 1057 1360 σπανίως.
1092 1279 1240 1365 Quorum
1261 1302 1340 1346 neu-

334 1407 417 1463 trum
444 1397 530 1461 hene
558 1395 767 1482 coniungitur
795 1415 865 1458 curn
892 1391 1101 1480 sequentibus
1129 1396 1164 1457 tx
1188 1415 1223 1458 τι
1245 1395 1339 1460 πενέ-

334 1528 426 1574 στεω.
472 1506 626 1592 Quamvis
648 1505 757 1570 favere
778 1503 906 1570 videtur
928 1501 1101 1570 Cornelius
1122 1503 1256 1592 Longus
1278 1504 1300 1569 l.
1317 1503 1339 1568 l.

335 1623 370 1684 ἑκ
397 1619 510 1696 πενίης
538 1612 582 1692 ὡς
610 1611 716 1681 οἶσθα
745 1615 828 1704 (leg.
852 1613 997 1695 οἶσθας)
1025 1610 1227 1706 ἁκραιφνὲος
1252 1609 1341 1680 ἀλλὰ

335 1729 471 1808 δικωίης,
492 1721 630 1813 Κύπρις,
651 1727 756 1792 ταῦτα
778 1727 874 1814 δέχου
895 1727 985 1815 δῶρα
1007 1726 1191 1792 Λεωνίδεω.
1236 1724 1340 1792 Cuius

336 1847 441 1902 tamen
463 1835 541 1916 loci,
571 1846 607 1903 ut
628 1837 733 1918 vides,
761 1837 860 1926 longe
884 1837 946 1902 alia
969 1847 1018 1903 est
1038 1840 1130 1902 ratio.
1181 1836 1262 1901 Mihi
1284 1836 1340 1902 ad-

335 1951 485 2014 iectivum
512 1951 631 2036 requiri
658 1948 787 2015 videtur
815 1972 845 2014 v.
869 1973 896 2014 c.
925 1953 961 2014 ἐκ
988 1950 1145 2027 πλανίον,
1172 1948 1227 2014 vel
1247 1951 1282 2014 ἔκ
1303 1971 1339 2014 τε

223 2093 225 2100 ·
334 2054 469 2126 πλάνου.
515 2059 633 2126 Procul
656 2063 740 2125 eninr
763 2084 781 2125 a
802 2063 907 2148 patria
930 2059 1069 2150 degebat
1090 2059 1269 2140 Leonidas,
1297 2059 1339 2126 de

335 2193 400 2259 quo
429 2173 499 2259 ipse
528 2174 671 2259 queritur
698 2172 979 2262 Epigr.·XCVIll.
1024 2173 1083 2236 Vs.
1106 2173 1125 2238 7
1153 2170 1224 2237 cod.
1246 2172 1341 2238 Paul-

329 2305 415 2362 ,seno
444 2292 526 2349 teste
554 2277 597 2364 ἢν
625 2284 660 2348 δέ
688 2306 729 2370 με
754 2281 835 2370 χώς,
864 2293 901 2348 ut
927 2283 1100 2349 voluerunt
1121 2283 1281 2348 Kusterus
1308 2292 1341 2347 et

334 2394 496 2460 Reiskius.
533 2394 713 2461 Brunchius
735 2389 777 2476 ἢν
799 2391 829 2460 δ’
850 2398 906 2480 ἐμὲ
928 2391 959 2480 γ’
979 2391 1030 2474 ὡς,
1051 2396 1086 2459 in
1108 2416 1173 2481 quo
1187 2417 1224 2480 γε
1239 2415 1340 2481 aeque

335 2509 477 2594 ineptum
505 2516 555 2573 est
583 2529 676 2594 quam
704 2509 761 2574 καὶ
789 2509 823 2571 in
851 2507 990 2572 lectione
1018 2503 1147 2571 oodicis.
1192 2504 1342 2570 Scriben-

336 2618 411 2685 dum
440 2628 508 2684 erat
533 2612 576 2699 ἢν
605 2620 640 2684 δέ
667 2615 703 2704 μ’
730 2615 779 2684 ἔθ’
806 2614 863 2697 ὡς,
898 2617 1044 2706 quodsi
1071 2640 1128 2684 rne
1157 2619 1341 2710 insuper,

337 2741 380 2796 ut
407 2753 425 2796 a
454 2729 607 2809 morbo,
636 2733 693 2795 ita
723 2732 842 2795 etiam
869 2752 888 2795 e
917 2738 1159 2818 paupertate
1187 2728 1340 2793 salvum

337 2843 610 2929 praestiteris.
1300 2849 1306 2860 '

424 2953 509 3017 XIV.
548 2954 606 3017 Vs.
629 2954 650 3018 2
679 2951 849 3042 legebatur
869 2948 1024 3033 Δεισόζοω
1046 2954 1201 3041 Δωριέως.
1252 2950 1340 3017 Miro

338 3083 449 3127 errore
471 3062 603 3142 eccidit,
630 3073 666 3129 ut
686 3067 748 3129 viri
776 3063 865 3130 docti
886 3063 1053 3146 Διίσοζος,
1083 3067 1134 3131 cui
1160 3061 1342 3128 Brunehius

337 3183 456 3239 temere
478 3176 622 3253 Δηΐσοον
650 3175 825 3256 substituit,
853 3176 1014 3242 helluonis
1040 3198 1174 3255 nomen,
1202 3167 1343 3264 Δωριεὺς

339 3300 443 3351 nutem
465 3285 585 3374 gentile
608 3308 678 3352 esse
702 3286 877 3353 crederent.
915 3290 983 3354 lmo
1000 3282 1140 3376 Δωριεύς
1160 3288 1263 3373 ipsum
1284 3286 1344 3350 ho-

338 3400 431 3462 minis
453 3417 571 3463 nomen
594 3408 651 3478 est,
674 3419 767 3486 quem
782 3400 942 3487 aptissime
957 3398 1106 3479 ὁείσοζον
1122 3407 1226 3478 vocat,
1247 3407 1345 3462 ster-

340 3531 408 3574 cus
437 3508 614 3574 olentem
637 3531 655 3574 a
681 3510 788 3590 διῖσα,
817 3520 982 3576 stercus.
1033 3511 1181 3576 Nominis
1203 3503 1344 3598 Δωριεὺς

339 3619 482 3708 exempla
511 3620 615 3686 ubivis
638 3618 741 3686 obvia.
790 3624 930 3710 Δωριέος
957 3643 1017 3711 pro
1040 3625 1186 3712 Δωριέως
1209 3642 1247 3687 ex
1269 3618 1342 3687 cod.

339 3735 498 3797 revocavi.
550 3734 609 3798 VS.
636 3733 659 3798 3
687 3731 789 3822 vulgo
816 3733 1045 3823 Λαρισσαίως.
1102 3733 1187 3800 cod.
1215 3737 1344 3818 Λαρω-

340 3845 452 3921 σαίως.
502 3845 587 3909 Hinc
614 3845 727 3932 scripsi
752 3845 962 3933 Λαρισαὶως,
991 3867 1085 3932 quam
1113 3845 1247 3911 fonnem
1274 3843 1343 3909 uhi-

341 3976 404 4042 que
425 3954 654 4023 restituendam
678 3977 762 4038 esse,
788 3967 915 4044 praeter
936 3979 1103 4023 numerum
1126 3955 1277 4038 <Echhel
1300 3956 1342 4022 D.

277 4142 280 4146 ,
340 4065 670 4157 N.vol.11,p.l‹10)
693 4079 726 4135 et
747 4067 912 4136 titulorum
934 4069 1098 4152 (Boechh.
1122 4068 1223 4156 Corp.
1246 4066 1343 4132 lnser.
1374 4123 1379 4128 .
