3026 4816
330 465 383 521 lot
595 458 856 519 Auuorlrro
878 457 1068 518 GRlTlCll.

331 615 461 680 coniicit
490 607 578 698 ἣμὴ
606 614 663 679 καὶ
683 607 793 692 τόξοις
818 612 865 676 tn
885 605 1033 695 βάλλετε.
1084 610 1250 677 Sententia
1271 611 1334 676 hoc

330 725 398 792 iere
420 724 575 813 postulat:
603 729 631 789 ελ
651 718 715 810 μή,
742 725 800 792 ναὶ
821 718 929 802 τόξοις
948 717 996 810 μὴ
1017 717 1155 807 βόλλετέ
1177 718 1220 808 μ’,
1248 717 1334 788 ἀλλὰ

330 845 508 926 κεραυνοῖς,
529 844 567 902 ut
587 836 692 902 voluit
711 837 896 901 Piersonus.
941 836 999 901 Vs.
1017 837 1037 900 4
1054 825 1116 900 ’καὶ
1137 837 1251 921 scripsi
1271 855 1333 921 pro
1427 879 1431 885 -

330 951 389 1017 ναὶ
403 971 474 1014 urm
487 947 663 1014 Brunckio.
696 949 755 1012 Vs.
767 949 789 1013 6
810 945 882 1013 cod.
897 943 933 1026 ἐξ
946 943 1054 1032 ὑμέων
1066 942 1190 1013 τούτων
1205 943 1262 1012 c’c'c’
1277 947 1332 1011 έιι.

332 1061 478 1126 Koenius
501 1065 529 1125 st
549 1058 662 1145 μεῖζον
675 1054 800 1125 τούτων
814 1055 874 1125 ἔστ’
893 1059 948 1124 ἔτι.
981 1059 1054 1124 Nec
1069 1056 1267 1145 probabilius
1280 1060 1334 1122 Ja-

333 1171 461 1238 cobsius
483 1165 638 1258 όξύιερον
657 1164 783 1236 τούτων
805 1167 834 1235 ct'
852 1173 885 1234 τέ
906 1193 943 1255 ye
963 1164 1096 1255 βούλομ’
1122 1171 1215 1255 έχων.
1255 1168 1335 1236 Cer-

332 1286 486 1350 tissimum
508 1292 558 1348 est
580 1279 614 1362 ἐξ
634 1279 742 1367 ὑμέων
764 1303 831 1370 non
847 1303 917 1347 esse
932 1279 1177 1347 sollicitandum.
1211 1283 1335 1347 Vitium

332 1399 426 1463 unice
448 1399 483 1461 in
504 1394 613 1460 vorbis
635 1390 760 1460 τούτων
781 1390 833 1460 οἵτ’
858 1395 905 1459 έτι
927 1391 1151 1480 quaerendum.
1202 1393 1335 1484 Optime

334 1507 375 1574 ad
397 1509 588 1573 sententiam
604 1508 654 1570 vir
676 1505 792 1570 doctus
812 1508 847 1570 in
868 1507 1010 1594 margine
1031 1505 1092 1591 Ap.
1108 1505 1149 1571 G.
1173 1503 1208 1586 ἐξ
1220 1503 1336 1592 ὑμέων,

332 1620 390 1685 καὶ
416 1614 500 1683 τοῦτ’
533 1622 629 1683 elota
656 1611 790 1703 βούλομ’
816 1618 912 1703 ἔχειν,
944 1619 1007 1682 nisi
1034 1615 1122 1704 quod
1150 1622 1247 1684 ολσέτι
1273 1619 1337 1684 hoc

334 1751 431 1796 sensu
451 1750 520 1795 non
541 1751 690 1818 graecum
713 1738 770 1793 est.
819 1728 940 1815 Scripsi
964 1731 1063 1818 igitur
1086 1728 1174 1815 quod
1197 1733 1336 1796 omnium

335 1851 404 1908 erat
430 1840 638 1907 lenissimum:
666 1839 702 1921 ἐξ
728 1837 835 1925 ὑμέων
865 1836 935 1906 οὑδ’
967 1831 1013 1906 ὧν
1040 1837 1100 1907 ἔστ’
1127 1842 1173 1907 έτι
1200 1837 1332 1928 βούλομ’

334 1955 429 2040 έχειν,
450 1975 499 2019 ne
522 1976 565 2019 ea
590 1953 748 2040 quidem
771 1953 1142 2039 quaemihirelicta
1164 1964 1256 2020 sunt
1277 1955 1338 2019 ha·
1410 1961 1412 1963 ’

334 2067 433 2132 bere
454 2065 561 2132 volo.
595 2064 664 2133 Cir.
681 2066 887 2130 Theocritum
902 2067 1012 2154 Epigr.
1027 2067 1115 2145 Xl,5
1137 2061 1272 2133 πάντων
1293 2055 1340 2132 ὦν

336 2181 479 2245 ἐπέοικεν
501 2179 573 2263 έχει.

424 2292 510 2356 XIV.
549 2291 609 2355 Vs.
627 2291 644 2354 l
666 2288 766 2378 vulgo
789 2284 945 2356 Πόόοισι
966 2289 1181 2375 βεβλημένον.
1218 2290 1340 2377 Sequu-

336 2415 387 2470 tus
409 2427 478 2470 snm
500 2401 696 2468 salmasium.

424 2516 513 2582 XVI.
550 2515 646 2579 Vct
669 2511 741 2578 cod.
764 2511 784 2593 ἡ
808 2509 836 2578 δ’
863 2507 981 2599 έθιγόν
1001 2509 1026 2579 τ’
1048 2509 1155 2580 Ἀΐδα.
1192 2513 1271 2579 Non
1291 2535 1341 2578 re-

265 2626 268 2634 ’
337 2639 403 2709 cte,
432 2637 467 2692 ut
495 2626 571 2691 mihi
592 2625 735 2706 videtur,
761 2624 933 2690 Jacobsius
955 2634 1057 2690 tentat
1085 2622 1106 2705 ἡ
1132 2620 1163 2690 δ’
1188 2621 1271 2710 tory’
1296 2630 1341 2701 εὶς

335 2738 460 2806 Ἀΐδαν.
506 2735 716 2804 scribendum
737 2737 877 2802 videtur:
906 2740 951 2814 ελς
975 2729 1040 2826 γὰρ
1063 2737 1200 2824 ἑταίραν
1220 2731 1341 2804 ννοτό-

338 2851 403 2932 ζων
424 2851 544 2934 ἐπέβην
566 2843 672 2928 τήνδ’,
698 2843 816 2933 έθιγόν
837 2844 861 2913 τ’
884 2845 990 2913 Ἀΐδα.
1128 2887 1130 2892 ,

426 2963 529 3027 XVII.
566 2961 624 3025 Vs.
649 2962 666 3025 l
696 2952 801 3039 ύλλην
823 2981 887 3046 qno
910 2970 1034 3047 spectet
1055 2982 1123 3025 non
1145 2958 1342 3049 intelligitur.

340 3075 477 3142 Correxi
505 3076 604 3161 igitur
632 3065 744 3137 ἄλλον.
796 3070 895 3156 Quod
923 3093 1019 3136 versu
1046 3071 1190 3138 secundo
1212 3075 1247 3137 in
1269 3070 1342 3137 cod.

341 3189 491 3273 scriptum
515 3193 563 3250 est
585 3181 650 3276 φίλ’
669 3181 703 3263 οξ
718 3178 848 3263 ἀπάτης
868 3186 921 3248 vix
942 3183 1006 3249 dici
1020 3194 1130 3272 potest
1144 3193 1343 3270 quantopere

343 3301 469 3364 criticos
493 3297 678 3362 exercuerit.
721 3294 819 3382 Atqui
841 3305 984 3383 apertum
1008 3305 1056 3361 est
1076 3299 1243 3383 scripsisse
1265 3317 1344 3382 poe-

342 3421 406 3477 tam
428 3403 660 3502 φιλοξαπύτης.
694 3406 743 3472 Ao
764 3429 806 3472 ue
828 3402 1043 3499 φιλεξαπύτις
1063 3411 1213 3493 requiras,
1234 3430 1265 3472 v.
1280 3409 1344 3474 Lo-

342 3522 434 3589 beck.
456 3519 559 3586 Paral.
582 3541 711 3609 gramm.
734 3542 765 3605 p.
788 3521 863 3599 269,
886 3523 974 3585 cuins
997 3518 1148 3606 exemplis
1170 3518 1253 3584 adde
1275 3519 1345 3584 Me-

343 3635 487 3722 leagrum
509 3632 605 3697 Anth.
628 3630 695 3696 Pal.
711 3630 779 3710 llll,
796 3633 837 3696 81
860 3626 1064 3722 ψυχαπότην
1086 3669 1127 3682 -
1149 3627 1262 3722 ,φλόγα
1283 3625 1345 3711 τὴν

345 3741 538 3838 φιλόπαιδα.
588 3745 637 3808 lta
666 3745 748 3809 enim
776 3743 861 3808 bene
890 3745 1027 3809 correxit
1046 3745 1097 3808 vir
1121 3742 1236 3808 doctus
1259 3741 1345 3830 apud

344 3856 538 3924 Jacobsium.
590 3857 691 3920 Vol
722 3853 886 3944 eleganter
912 3854 1094 3922 Brunclrius
1129 3848 1239 3920 στᾶσό
1265 3874 1345 3918 ποτε

344 3964 544 4059 προθύροις,
573 3967 661 4053 quod
688 3967 820 4032 multum
847 3976 988 4055 praestat
1013 3966 1159 4031 Jacobsii
1184 3968 1347 4031 coniectu-

345 4103 409 4146 rae.
442 4081 522 4147 Mihi
538 4089 643 4146 tamen
657 4079 782 4146 facilius
796 4078 923 4146 videtur
938 4074 1117 4170 usurpatori
1131 4083 1224 4164 έμοῖς
1238 4076 1347 4143 στᾶσα
