3028 4826
512 470 832 532 conmortuos.
1122 474 1173 530 195

171 624 366 690 Huschkins:
389 620 545 712 εὑρίσκειν
566 625 697 710 ῥαχίαις
719 621 787 690 οἶδε
808 624 864 690 καὶ
887 628 934 690 σίν
951 620 1053 715 Ἀίδῃ.
1090 623 1173 690 Scri·

173 735 313 802 bendum
334 738 441 823 potins
462 757 559 802 versu
584 739 748 822 superiore
775 739 810 801 tn
828 737 977 824 χίρσοισί
997 758 1033 802 τε
1055 733 1170 803 δειλόν.

172 850 282 935 ltaque
305 847 465 913 distichon
486 848 550 912 hoo
570 849 615 911 ita
637 848 777 934 corrige:

214 961 368 1044 μαίνεται
390 957 435 1036 ε’ίς
455 982 496 1044 με
518 953 691 1036 θάλασσα,
712 958 768 1022 καὶ
784 960 820 1022 ἐν
829 958 979 1044 χέρσοισί
991 981 1027 1024 τε
1043 954 1152 1026 δαλόν

259 1067 415 1156 εὑρίσκειν
437 1071 568 1156 ῥαχίαις
590 1063 657 1134 οἶδέ
678 1090 718 1152 με
740 1065 802 1148 κήν
820 1065 921 1159 Ἀΐδῃ.

170 1183 265 1246 Vsti
288 1191 375 1246 recte
395 1180 569 1249 Jacobsius
591 1175 769 1265 ἀρκοῦμαι,
791 1181 853 1243 nisi
875 1178 963 1266 quod
984 1179 1089 1246 malim
1111 1178 1172 1269 ἄρ-

169 1316 294 1378 eropus.

572 1404 771 1412 ——-—

465 1581 669 1634 POSIDIPPUS
687 1581 746 1633 Pal.
758 1581 793 1648 V,
811 1577 874 1632 211·

214 1694 347 1786 Λᾶκρνα
368 1699 424 1763 καὶ
445 1696 558 1781 κῶμοι,
578 1697 613 1760 τί
632 1691 668 1781 μ’
686 1697 831 1783 ἐγείρετε,
852 1697 931 1785 πρὶν
950 1692 1058 1775 πόδας
1078 1688 1158 1788 ἆραι
1193 1756 1197 1764 .

257 1814 293 1874 ἐκ
314 1799 430 1896 πυρός,
454 1812 499 1884 εἰς
519 1811 633 1895 ἑτέρην
654 1801 823 1894 Κύπριδος
845 1803 1052 1896 ἄνθρακιήνς

216 1916 304 2013 λήγοι
328 1916 358 1985 δ’
379 1913 491 1985 οὔποτ’
511 1920 643 2006 ίριιτος·
666 1913 718 1983 ἀεὶ
741 1917 775 1982 δέ
796 1942 856 2004 μοι
876 1917 911 1999 ἐξ
928 1916 1130 2010 Ἀφροδίτης

260 2025 361 2116 ἄλγος
383 2026 401 2096 ὁ
423 2023 470 2114 μὴ
491 2031 611 2115 κρίνων
632 2022 744 2095 κοινὸν
765 2023 881 2114 ἄγοντι
901 2027 1023 2111 πόθος.

171 2180 389 2264 Ineptissimae
411 2176 453 2241 de
474 2176 616 2241 secundo
635 2174 770 2241 disticho
792 2186 939 2262 prostant
952 2181 1093 2246 virorum
1116 2180 1174 2246 do·

171 2301 292 2355 ctorum
317 2292 520 2354 coniecturae
542 2297 575 2352 et
588 2290 878 2373 interpretationes,
901 2311 978 2376 quas
995 2291 1069 2357 vide
1085 2293 1173 2379 apud

169 2401 355 2467 Jacobsium
377 2399 543 2465 Animadv.
566 2400 605 2478 Π,
629 2400 657 2479 1,
678 2424 711 2486 p.
729 2401 800 2480 140,
823 2404 877 2488 qui
899 2404 968 2488 ipse
989 2424 1075 2468 nnnc
1097 2406 1173 2468 scri-

169 2513 309 2579 bendum
338 2512 475 2577 coniecit
502 2503 617 2595 ἄλγος,
647 2505 718 2576 ὅτ’
737 2516 772 2576 ἐκ
799 2513 921 2578 καινῶν
941 2506 1057 2579 καινόν
1083 2508 1174 2599 ἄγων

169 2650 201 2691 τι
221 2620 342 2704 πόθος,
364 2625 523 2689 sententio
543 2625 647 2687 minus
669 2627 839 2710 perspicuo
855 2635 887 2690 et
903 2628 1051 2691 oratione
1072 2624 1171 2712 poulo

170 2738 280 2803 durius
302 2736 508 2801 conformata.
553 2732 680 2821 Quodsi
703 2733 799 2801 adid
822 2736 910 2823 quod
933 2736 1039 2802 dicere
1062 2736 1174 2802 debuit

169 2858 269 2936 poeta
290 2847 503 2913 attendissent
523 2848 585 2910 viri
608 2844 704 2926 docti,
725 2867 793 2912 non
809 2845 946 2917 dubitari
963 2857 1073 2935 potest
1095 2851 1173 2935 quin

168 2960 325 3026 vidissent
347 2956 550 3024 scribendum
573 2979 658 3023 esse:

212 3094 300 3183 λήγοι
324 3095 353 3164 δ’
370 3089 483 3164 οὔποτ’
503 3097 637 3184 ἄροτος·
660 3093 712 3162 ἀεὶ
735 3096 769 3162 δέ
790 3119 850 3182 μοι
870 3095 906 3177 ἐξ
923 3054 1131 3189 Ἀφροδίτης

257 3203 359 3294 ἄλγος
381 3205 400 3273 ὁ
422 3201 469 3292 μὴ
491 3210 611 3296 κρίνων
632 3203 747 3274 καινόν
769 3202 839 3293 ἄγει
863 3232 894 3273 τι
917 3204 1051 3286 Πόθος.

167 3350 297 3415 Novum
320 3369 444 3434 semper
463 3345 580 3413 vulnus
601 3348 717 3413 afferre
733 3345 793 3412 sibi
809 3345 885 3412 dicit
900 3348 1058 3429 Amorem,
1080 3349 1171 3416 nullo

168 3461 341 3527 formarum
368 3458 494 3524 delectu
516 3459 643 3540 habito·
686 3458 725 3525 ld
753 3462 835 3524 enirn
865 3460 1047 3548 significant
1073 3462 1171 3527 verba

170 3567 188 3636 ό
211 3565 258 3656 μὴ
281 3573 414 3659 κρίνων,
442 3574 476 3635 in
499 3570 612 3656 quibus
634 3559 756 3659 κρίνειν
780 3571 864 3636 idem
886 3582 935 3638 est
957 3572 1044 3659 quod
1067 3577 1172 3662 ἐκκρί-

168 3703 245 3761 νειν,
266 3692 303 3748 ut
325 3683 410 3771 apud
424 3683 598 3748 Homerum
620 3683 734 3768 κρίνας
756 3687 790 3747 ὲκ
804 3685 934 3764 Λυκίης
955 3680 1079 3773 εὐρείης
1101 3685 1172 3775 φῶ-

168 3816 228 3869 τας
253 3789 421 3879 ἄρίστονς,
451 3803 484 3859 et
505 3798 538 3871 ἐς
559 3789 590 3859 δ’
610 3796 723 3879 ἐρέτας
748 3793 869 3881 ἔκρινεν
890 3797 1016 3861 ἐείκοσι.
1060 3798 1172 3882 ltaque

169 3906 317 3970 Amorem
340 3927 469 3971 caecum
492 3926 562 3971 esse
584 3904 704 3971 indicat
725 3915 831 3991 poeta.
866 3906 1007 3972 Possunt
1027 3906 1083 3971 illa
1106 3910 1173 3994 qui-

170 4013 241 4079 dem
272 4019 365 4082 etiam
395 4019 440 4082 ita
470 4015 613 4105 expediri
640 4026 677 4083 ut
704 4016 874 4084 scribatur:
909 4013 963 4085 ἄεὶ
990 4018 1025 4087 δέ
1052 4041 1111 4104 μοι
1138 4015 1173 4099 ἐξ

891 4130 934 4194 13
949 4129 972 4174 *
