<?xml version="1.0" encoding="UTF-8"?>
<!DOCTYPE html PUBLIC "-//W3C//DTD XHTML 1.0 Transitional//EN"
    "http://www.w3.org/TR/xhtml1/DTD/xhtml1-transitional.dtd">
<html xmlns="http://www.w3.org/1999/xhtml" xml:lang="en" lang="en">
 <head>
  <title>
</title>
<meta http-equiv="Content-Type" content="text/html;charset=utf-8" />
  <meta name='ocr-system' content='tesseract 3.04.00' />
  <meta name='ocr-capabilities' content='ocr_page ocr_carea ocr_par ocr_line ocrx_word'/>
</head>
<body>
  <div class='ocr_page' id='page_1' title='image "./delectuspoetaru00meingoog_0182.png"; bbox 0 0 3026 4816; ppageno 0'>
   <div class='ocr_carea' id='block_1_1' title="bbox 440 430 1181 491">
    <p class='ocr_par' dir='ltr' id='par_1_1' title="bbox 440 430 1181 491">
     <span class='ocr_line' id='line_1_1' title="bbox 440 430 1181 491; baseline -0.004 -1"><span class='ocrx_word' id='word_1_1' title='bbox 440 431 701 491; x_wconf 72' lang='lat' dir='ltr'><strong>loborarro</strong></span> <span class='ocrx_word' id='word_1_2' title='bbox 725 430 913 490; x_wconf 80' lang='lat' dir='ltr'><strong>ClllTlCA.</strong></span> <span class='ocrx_word' id='word_1_3' title='bbox 1130 431 1181 488; x_wconf 80' lang='lat'><strong>157</strong></span> 
     </span>
    </p>
   </div>
   <div class='ocr_carea' id='block_1_2' title="bbox 174 581 1181 784">
    <p class='ocr_par' dir='ltr' id='par_1_2' title="bbox 174 581 1181 784">
     <span class='ocr_line' id='line_1_2' title="bbox 263 581 1181 672; baseline -0.001 -24"><span class='ocrx_word' id='word_1_4' title='bbox 263 587 306 650; x_wconf 86' lang='lat' dir='ltr'><strong>V.</strong></span> <span class='ocrx_word' id='word_1_5' title='bbox 348 583 487 650; x_wconf 77' lang='lat' dir='ltr'>Carmen</span> <span class='ocrx_word' id='word_1_6' title='bbox 509 585 571 648; x_wconf 89' lang='lat' dir='ltr'><strong>boo</strong></span> <span class='ocrx_word' id='word_1_7' title='bbox 593 586 626 649; x_wconf 90' lang='lat' dir='ltr'><strong>in</strong></span> <span class='ocrx_word' id='word_1_8' title='bbox 650 582 728 648; x_wconf 90' lang='lat' dir='ltr'><strong>duas</strong></span> <span class='ocrx_word' id='word_1_9' title='bbox 751 584 899 670; x_wconf 84' lang='lat' dir='ltr'><strong>strophas</strong></span> <span class='ocrx_word' id='word_1_10' title='bbox 922 581 1181 672; x_wconf 80' lang='lat' dir='ltr'><strong>distinguendum</strong></span> 
     </span>
     <span class='ocr_line' id='line_1_3' title="bbox 174 695 1180 784; baseline -0.004 -22"><span class='ocrx_word' id='word_1_11' title='bbox 174 696 311 762; x_wconf 84' lang='lat' dir='ltr'><strong>videtur.</strong></span> <span class='ocrx_word' id='word_1_12' title='bbox 357 698 415 761; x_wconf 90' lang='lat' dir='ltr'><strong>Vs.</strong></span> <span class='ocrx_word' id='word_1_13' title='bbox 438 699 459 761; x_wconf 77' lang='lat'><strong>2</strong></span> <span class='ocrx_word' id='word_1_14' title='bbox 488 695 589 784; x_wconf 83' lang='lat' dir='ltr'><strong>vulgo</strong></span> <span class='ocrx_word' id='word_1_15' title='bbox 618 696 708 773; x_wconf 83' lang='grc' dir='ltr'><strong><em>ναῦς.</em></strong></span> <span class='ocrx_word' id='word_1_16' title='bbox 754 697 919 760; x_wconf 88' lang='lat' dir='ltr'><strong>Revocavi</strong></span> <span class='ocrx_word' id='word_1_17' title='bbox 948 717 986 760; x_wconf 88' lang='lat' dir='ltr'><strong>ex</strong></span> <span class='ocrx_word' id='word_1_18' title='bbox 1015 695 1087 762; x_wconf 90' lang='lat' dir='ltr'><strong>cod.</strong></span> <span class='ocrx_word' id='word_1_19' title='bbox 1113 695 1180 760; x_wconf 89' lang='lat' dir='ltr'><strong>Pal.</strong></span> 
     </span>
    </p>
   </div>
   <div class='ocr_carea' id='block_1_3' title="bbox 173 807 1183 1006">
    <p class='ocr_par' dir='ltr' id='par_1_3' title="bbox 173 807 1183 1006">
     <span class='ocr_line' id='line_1_4' title="bbox 173 807 1183 894; baseline -0.004 -20"><span class='ocrx_word' id='word_1_20' title='bbox 173 811 262 886; x_wconf 78' lang='grc' dir='ltr'><strong><em>νοῦς,</em></strong></span> <span class='ocrx_word' id='word_1_21' title='bbox 290 831 383 894; x_wconf 90' lang='lat' dir='ltr'><strong>quam</strong></span> <span class='ocrx_word' id='word_1_22' title='bbox 412 807 545 872; x_wconf 82' lang='lat' dir='ltr'><strong>formam</strong></span> <span class='ocrx_word' id='word_1_23' title='bbox 575 816 729 872; x_wconf 87' lang='lat' dir='ltr'><strong>memorat</strong></span> <span class='ocrx_word' id='word_1_24' title='bbox 750 816 783 872; x_wconf 87' lang='lat' dir='ltr'><strong>et</strong></span> <span class='ocrx_word' id='word_1_25' title='bbox 804 830 873 872; x_wconf 92' lang='lat' dir='ltr'><strong>cum</strong></span> <span class='ocrx_word' id='word_1_26' title='bbox 901 807 996 893; x_wconf 69' lang='grc' dir='ltr'><strong><em>γραῦς</em></strong></span> <span class='ocrx_word' id='word_1_27' title='bbox 1018 807 1183 893; x_wconf 87' lang='lat' dir='ltr'>componit</span> 
     </span>
     <span class='ocr_line' id='line_1_5' title="bbox 175 916 1180 1006; baseline -0.004 -23"><span class='ocrx_word' id='word_1_28' title='bbox 175 918 330 984; x_wconf 87' lang='lat' dir='ltr'><strong>Arcadius</strong></span> <span class='ocrx_word' id='word_1_29' title='bbox 360 942 392 1006; x_wconf 93' lang='lat' dir='ltr'><strong>p.</strong></span> <span class='ocrx_word' id='word_1_30' title='bbox 417 921 496 998; x_wconf 79' lang='lat'><strong>126,</strong></span> <span class='ocrx_word' id='word_1_31' title='bbox 524 920 556 984; x_wconf 76' lang='lat'><strong>2.</strong></span> <span class='ocrx_word' id='word_1_32' title='bbox 609 917 859 985; x_wconf 88' lang='lat' dir='ltr'><strong>Choeroboscus</strong></span> <span class='ocrx_word' id='word_1_33' title='bbox 888 918 1032 984; x_wconf 84' lang='lat' dir='ltr'><strong>Bekleri</strong></span> <span class='ocrx_word' id='word_1_34' title='bbox 1058 916 1180 983; x_wconf 76' lang='lat' dir='ltr'><strong>Anecrl.</strong></span> 
     </span>
    </p>
   </div>
   <div class='ocr_carea' id='block_1_4' title="bbox 176 1029 1294 1118">
    <p class='ocr_par' dir='ltr' id='par_1_4' title="bbox 176 1029 1294 1118">
     <span class='ocr_line' id='line_1_6' title="bbox 176 1029 1294 1118; baseline -0.004 -22"><span class='ocrx_word' id='word_1_35' title='bbox 176 1055 208 1118; x_wconf 89' lang='lat' dir='ltr'><strong>p.</strong></span> <span class='ocrx_word' id='word_1_36' title='bbox 234 1033 320 1096; x_wconf 80' lang='lat'><strong>1236</strong></span> <span class='ocrx_word' id='word_1_37' title='bbox 345 1041 377 1095; x_wconf 90' lang='lat' dir='ltr'><strong>et</strong></span> <span class='ocrx_word' id='word_1_38' title='bbox 398 1029 538 1116; x_wconf 85' lang='lat' dir='ltr'><strong>Etymol.</strong></span> <span class='ocrx_word' id='word_1_39' title='bbox 562 1030 607 1095; x_wconf 88' lang='lat' dir='ltr'><strong>M.</strong></span> <span class='ocrx_word' id='word_1_40' title='bbox 632 1054 663 1118; x_wconf 97' lang='lat' dir='ltr'><strong>p.</strong></span> <span class='ocrx_word' id='word_1_41' title='bbox 689 1031 767 1109; x_wconf 85' lang='grc'><strong>189,</strong></span> <span class='ocrx_word' id='word_1_42' title='bbox 791 1031 843 1096; x_wconf 86' lang='grc'><strong>48.</strong></span> <span class='ocrx_word' id='word_1_43' title='bbox 888 1031 939 1096; x_wconf 81' lang='lat' dir='ltr'><strong>Ad</strong></span> <span class='ocrx_word' id='word_1_44' title='bbox 962 1029 1096 1096; x_wconf 86' lang='lat' dir='ltr'><strong>eandem</strong></span> <span class='ocrx_word' id='word_1_45' title='bbox 1118 1029 1183 1094; x_wconf 88' lang='lat' dir='ltr'><strong>for·</strong></span> <span class='ocrx_word' id='word_1_46' title='bbox 1293 1043 1294 1048; x_wconf 75' lang='grc'>’</span> 
     </span>
    </p>
   </div>
   <div class='ocr_carea' id='block_1_5' title="bbox 174 1137 1183 2126">
    <p class='ocr_par' dir='ltr' id='par_1_5' title="bbox 174 1137 1183 2126">
     <span class='ocr_line' id='line_1_7' title="bbox 176 1137 1182 1228; baseline -0.001 -21"><span class='ocrx_word' id='word_1_47' title='bbox 176 1164 257 1207; x_wconf 91' lang='lat' dir='ltr'><strong>mam</strong></span> <span class='ocrx_word' id='word_1_48' title='bbox 280 1140 456 1207; x_wconf 84' lang='lat' dir='ltr'><strong>revocandi</strong></span> <span class='ocrx_word' id='word_1_49' title='bbox 479 1161 569 1206; x_wconf 89' lang='lat' dir='ltr'><strong>casus</strong></span> <span class='ocrx_word' id='word_1_50' title='bbox 592 1151 668 1208; x_wconf 87' lang='lat' dir='ltr'><strong>sunt</strong></span> <span class='ocrx_word' id='word_1_51' title='bbox 690 1139 813 1227; x_wconf 91' lang='lat' dir='ltr'><strong>obliqui</strong></span> <span class='ocrx_word' id='word_1_52' title='bbox 833 1137 915 1221; x_wconf 81' lang='grc' dir='ltr'><strong><em>νεός,</em></strong></span> <span class='ocrx_word' id='word_1_53' title='bbox 936 1144 992 1222; x_wconf 69' lang='grc' dir='ltr'><strong><em>ντί,</em></strong></span> <span class='ocrx_word' id='word_1_54' title='bbox 1013 1146 1082 1221; x_wconf 82' lang='grc' dir='ltr'><strong><em>νέα,</em></strong></span> <span class='ocrx_word' id='word_1_55' title='bbox 1103 1163 1182 1228; x_wconf 92' lang='lat' dir='ltr'><strong>quo-</strong></span> 
     </span>
     <span class='ocr_line' id='line_1_8' title="bbox 175 1251 1183 1320; baseline -0.001 -1"><span class='ocrx_word' id='word_1_56' title='bbox 175 1277 245 1319; x_wconf 90' lang='lat' dir='ltr'><strong>rum</strong></span> <span class='ocrx_word' id='word_1_57' title='bbox 268 1253 401 1320; x_wconf 84' lang='lat' dir='ltr'><strong>alterum</strong></span> <span class='ocrx_word' id='word_1_58' title='bbox 423 1255 473 1318; x_wconf 77' lang='lat' dir='ltr'><strong>val</strong></span> <span class='ocrx_word' id='word_1_59' title='bbox 493 1251 571 1318; x_wconf 89' lang='lat' dir='ltr'><strong>alias</strong></span> <span class='ocrx_word' id='word_1_60' title='bbox 588 1273 655 1317; x_wconf 90' lang='lat' dir='ltr'><strong>non</strong></span> <span class='ocrx_word' id='word_1_61' title='bbox 676 1251 793 1318; x_wconf 85' lang='lat' dir='ltr'><strong>lectum</strong></span> <span class='ocrx_word' id='word_1_62' title='bbox 810 1253 1041 1318; x_wconf 85' lang='lat' dir='ltr'><strong>restituendum</strong></span> <span class='ocrx_word' id='word_1_63' title='bbox 1055 1253 1183 1318; x_wconf 87' lang='lat' dir='ltr'><strong>videtur</strong></span> 
     </span>
     <span class='ocr_line' id='line_1_9' title="bbox 178 1362 1181 1452; baseline 0.001 -22"><span class='ocrx_word' id='word_1_64' title='bbox 178 1365 352 1452; x_wconf 84' lang='lat' dir='ltr'><strong>Antipatro</strong></span> <span class='ocrx_word' id='word_1_65' title='bbox 375 1365 470 1432; x_wconf 72' lang='lat' dir='ltr'><strong>Anah.</strong></span> <span class='ocrx_word' id='word_1_66' title='bbox 498 1362 565 1429; x_wconf 88' lang='lat' dir='ltr'><strong>Pal.</strong></span> <span class='ocrx_word' id='word_1_67' title='bbox 588 1365 666 1443; x_wconf 87' lang='lat' dir='ltr'><strong>Vll,</strong></span> <span class='ocrx_word' id='word_1_68' title='bbox 688 1366 762 1429; x_wconf 79' lang='lat'><strong>637.</strong></span> <span class='ocrx_word' id='word_1_69' title='bbox 818 1363 865 1429; x_wconf 94' lang='lat' dir='ltr'><strong>lb.</strong></span> <span class='ocrx_word' id='word_1_70' title='bbox 887 1364 1066 1430; x_wconf 77' lang='lat' dir='ltr'><strong>Brrmclrius</strong></span> <span class='ocrx_word' id='word_1_71' title='bbox 1094 1369 1181 1431; x_wconf 81' lang='grc' dir='ltr'><strong><em>ἐστέ-</em></strong></span> 
     </span>
     <span class='ocr_line' id='line_1_10' title="bbox 175 1473 1180 1562; baseline 0 -20"><span class='ocrx_word' id='word_1_72' title='bbox 175 1475 266 1557; x_wconf 84' lang='grc' dir='ltr'><strong><em>ξατο.</em></strong></span> <span class='ocrx_word' id='word_1_73' title='bbox 309 1477 480 1542; x_wconf 86' lang='lat' dir='ltr'><strong>Jacobsius</strong></span> <span class='ocrx_word' id='word_1_74' title='bbox 507 1473 655 1557; x_wconf 79' lang='grc' dir='ltr'><strong><em>ἠλέξατο.</em></strong></span> <span class='ocrx_word' id='word_1_75' title='bbox 701 1475 841 1540; x_wconf 84' lang='lat' dir='ltr'><strong>Videtur</strong></span> <span class='ocrx_word' id='word_1_76' title='bbox 863 1473 950 1541; x_wconf 87' lang='lat' dir='ltr'><strong>aliud</strong></span> <span class='ocrx_word' id='word_1_77' title='bbox 973 1476 1049 1562; x_wconf 92' lang='lat' dir='ltr'><strong>quid</strong></span> <span class='ocrx_word' id='word_1_78' title='bbox 1071 1475 1180 1542; x_wconf 87' lang='lat' dir='ltr'><strong>latere.</strong></span> 
     </span>
     <span class='ocr_line' id='line_1_11' title="bbox 175 1582 1182 1675; baseline 0.001 -23"><span class='ocrx_word' id='word_1_79' title='bbox 175 1590 271 1656; x_wconf 84' lang='lat' dir='ltr'><strong>Vs.3</strong></span> <span class='ocrx_word' id='word_1_80' title='bbox 296 1587 367 1653; x_wconf 91' lang='lat' dir='ltr'><strong>cod.</strong></span> <span class='ocrx_word' id='word_1_81' title='bbox 389 1582 475 1654; x_wconf 76' lang='grc' dir='ltr'><strong><em>πολὺ</em></strong></span> <span class='ocrx_word' id='word_1_82' title='bbox 494 1583 620 1672; x_wconf 80' lang='grc' dir='ltr'><strong><em>βαθύν.</em></strong></span> <span class='ocrx_word' id='word_1_83' title='bbox 665 1587 743 1652; x_wconf 89' lang='lat' dir='ltr'><strong>Non</strong></span> <span class='ocrx_word' id='word_1_84' title='bbox 768 1585 850 1651; x_wconf 89' lang='lat' dir='ltr'><strong>male</strong></span> <span class='ocrx_word' id='word_1_85' title='bbox 872 1587 1054 1654; x_wconf 84' lang='lat' dir='ltr'><strong>Brunckius</strong></span> <span class='ocrx_word' id='word_1_86' title='bbox 1075 1584 1182 1675; x_wconf 81' lang='grc' dir='ltr'><strong><em>πόρον</em></strong></span> 
     </span>
     <span class='ocr_line' id='line_1_12' title="bbox 174 1695 1181 1787; baseline -0.002 -23"><span class='ocrx_word' id='word_1_87' title='bbox 174 1695 307 1784; x_wconf 71' lang='grc' dir='ltr'><strong><em>βαθύν,</em></strong></span> <span class='ocrx_word' id='word_1_88' title='bbox 336 1698 422 1786; x_wconf 89' lang='lat' dir='ltr'><strong>quod</strong></span> <span class='ocrx_word' id='word_1_89' title='bbox 445 1722 516 1764; x_wconf 93' lang='lat' dir='ltr'><strong>cum</strong></span> <span class='ocrx_word' id='word_1_90' title='bbox 536 1699 691 1764; x_wconf 86' lang='lat' dir='ltr'><strong>Jacobsio</strong></span> <span class='ocrx_word' id='word_1_91' title='bbox 714 1709 866 1785; x_wconf 86' lang='lat' dir='ltr'><strong>sequutus</strong></span> <span class='ocrx_word' id='word_1_92' title='bbox 889 1722 966 1764; x_wconf 89' lang='lat' dir='ltr'><strong>sum.</strong></span> <span class='ocrx_word' id='word_1_93' title='bbox 1011 1700 1055 1764; x_wconf 85' lang='lat' dir='ltr'><strong>At</strong></span> <span class='ocrx_word' id='word_1_94' title='bbox 1076 1701 1181 1787; x_wconf 90' lang='lat' dir='ltr'><strong>possis</strong></span> 
     </span>
     <span class='ocr_line' id='line_1_13' title="bbox 177 1803 1181 1899; baseline 0 -23"><span class='ocrx_word' id='word_1_95' title='bbox 177 1833 245 1876; x_wconf 91' lang='lat' dir='ltr'><strong>nou</strong></span> <span class='ocrx_word' id='word_1_96' title='bbox 267 1813 371 1877; x_wconf 90' lang='lat' dir='ltr'><strong>miuus</strong></span> <span class='ocrx_word' id='word_1_97' title='bbox 386 1811 597 1899; x_wconf 83' lang='lat' dir='ltr'><strong>probabiliter</strong></span> <span class='ocrx_word' id='word_1_98' title='bbox 610 1803 715 1876; x_wconf 84' lang='grc' dir='ltr'><strong><em>πολὺν</em></strong></span> <span class='ocrx_word' id='word_1_99' title='bbox 728 1805 850 1894; x_wconf 78' lang='grc' dir='ltr'><strong><em>βυθόν.</em></strong></span> <span class='ocrx_word' id='word_1_100' title='bbox 881 1812 940 1875; x_wconf 86' lang='lat' dir='ltr'><strong>Vs.</strong></span> <span class='ocrx_word' id='word_1_101' title='bbox 956 1812 977 1876; x_wconf 81' lang='lat'>5</span> <span class='ocrx_word' id='word_1_102' title='bbox 1000 1809 1072 1876; x_wconf 86' lang='lat' dir='ltr'><strong>cod.</strong></span> <span class='ocrx_word' id='word_1_103' title='bbox 1086 1813 1181 1898; x_wconf 81' lang='grc' dir='ltr'><strong><em>Προ-</em></strong></span> 
     </span>
     <span class='ocr_line' id='line_1_14' title="bbox 176 1917 1180 2010; baseline 0.002 -24"><span class='ocrx_word' id='word_1_104' title='bbox 176 1917 308 2007; x_wconf 78' lang='grc' dir='ltr'><em>μήθεις.</em></span> <span class='ocrx_word' id='word_1_105' title='bbox 365 1923 544 1989; x_wconf 88' lang='lat' dir='ltr'><strong>Brunckius</strong></span> <span class='ocrx_word' id='word_1_106' title='bbox 580 1917 775 2010; x_wconf 75' lang='grc' dir='ltr'><strong><em>Πρόμηθος.</em></strong></span> <span class='ocrx_word' id='word_1_107' title='bbox 832 1921 952 2009; x_wconf 85' lang='lat' dir='ltr'><strong>Scripsi</strong></span> <span class='ocrx_word' id='word_1_108' title='bbox 986 1923 1180 2008; x_wconf 73' lang='grc' dir='ltr'><strong><em>Προμηθίς.</em></strong></span> 
     </span>
     <span class='ocr_line' id='line_1_15' title="bbox 177 2029 656 2126; baseline 0.004 -30"><span class='ocrx_word' id='word_1_109' title='bbox 177 2035 273 2100; x_wconf 67' lang='lat' dir='ltr'><strong>uso</strong></span> <span class='ocrx_word' id='word_1_110' title='bbox 296 2033 468 2100; x_wconf 82' lang='lat' dir='ltr'><strong>Salmasius</strong></span> <span class='ocrx_word' id='word_1_111' title='bbox 490 2033 591 2126; x_wconf 77' lang='grc' dir='ltr'><strong><em>λυγρῇ</em></strong></span> <span class='ocrx_word' id='word_1_112' title='bbox 611 2029 656 2118; x_wconf 79' lang='grc' dir='ltr'><strong>γ’.</strong></span> 
     </span>
    </p>
   </div>
   <div class='ocr_carea' id='block_1_6' title="bbox 175 2145 1182 2344">
    <p class='ocr_par' dir='ltr' id='par_1_6' title="bbox 175 2145 1182 2344">
     <span class='ocr_line' id='line_1_16' title="bbox 265 2145 1179 2232; baseline 0 -22"><span class='ocrx_word' id='word_1_113' title='bbox 265 2146 322 2210; x_wconf 89' lang='lat' dir='ltr'><strong>Vl.</strong></span> <span class='ocrx_word' id='word_1_114' title='bbox 368 2145 515 2211; x_wconf 87' lang='lat' dir='ltr'><strong>Servavit</strong></span> <span class='ocrx_word' id='word_1_115' title='bbox 542 2145 658 2210; x_wconf 79' lang='lat' dir='ltr'><strong>Athen.</strong></span> <span class='ocrx_word' id='word_1_116' title='bbox 687 2146 731 2224; x_wconf 90' lang='lat' dir='ltr'><strong>X,</strong></span> <span class='ocrx_word' id='word_1_117' title='bbox 759 2167 790 2231; x_wconf 91' lang='lat' dir='ltr'><strong>p.</strong></span> <span class='ocrx_word' id='word_1_118' title='bbox 814 2147 878 2210; x_wconf 81' lang='grc'><strong>440</strong></span> <span class='ocrx_word' id='word_1_119' title='bbox 907 2145 938 2210; x_wconf 82' lang='lat' dir='ltr'><strong>d.</strong></span> <span class='ocrx_word' id='word_1_120' title='bbox 988 2146 1047 2210; x_wconf 88' lang='lat' dir='ltr'><strong>Vs.</strong></span> <span class='ocrx_word' id='word_1_121' title='bbox 1072 2148 1088 2210; x_wconf 91' lang='lat' dir='ltr'><strong>l</strong></span> <span class='ocrx_word' id='word_1_122' title='bbox 1114 2167 1179 2232; x_wconf 86' lang='lat' dir='ltr'><strong>pro</strong></span> 
     </span>
     <span class='ocr_line' id='line_1_17' title="bbox 175 2251 1182 2344; baseline -0.001 -22"><span class='ocrx_word' id='word_1_123' title='bbox 175 2251 345 2343; x_wconf 81' lang='grc' dir='ltr'><strong><em>χρυσοτόν</em></strong></span> <span class='ocrx_word' id='word_1_124' title='bbox 360 2257 505 2343; x_wconf 88' lang='lat' dir='ltr'><strong>Toupius</strong></span> <span class='ocrx_word' id='word_1_125' title='bbox 527 2251 725 2344; x_wconf 86' lang='grc' dir='ltr'><strong><em>κροσσωτόν,</em></strong></span> <span class='ocrx_word' id='word_1_126' title='bbox 747 2256 1004 2321; x_wconf 87' lang='lat' dir='ltr'><strong>fimbriatum.</strong></span> <span class='ocrx_word' id='word_1_127' title='bbox 1035 2257 1182 2322; x_wconf 89' lang='lat' dir='ltr'><strong>Scriben-</strong></span> 
     </span>
    </p>
   </div>
   <div class='ocr_carea' id='block_1_7' title="bbox 176 2360 1181 2790">
    <p class='ocr_par' dir='ltr' id='par_1_7' title="bbox 176 2360 1181 2790">
     <span class='ocr_line' id='line_1_18' title="bbox 178 2360 1180 2456; baseline -0.001 -23"><span class='ocrx_word' id='word_1_128' title='bbox 178 2367 254 2433; x_wconf 90' lang='lat' dir='ltr'><strong>dum</strong></span> <span class='ocrx_word' id='word_1_129' title='bbox 276 2371 384 2455; x_wconf 91' lang='lat' dir='ltr'><strong>potius</strong></span> <span class='ocrx_word' id='word_1_130' title='bbox 404 2367 541 2456; x_wconf 76' lang='grc' dir='ltr'><strong><em>χρυσῷ</em></strong></span> <span class='ocrx_word' id='word_1_131' title='bbox 562 2360 636 2433; x_wconf 81' lang='grc' dir='ltr'><strong>τὸν</strong></span> <span class='ocrx_word' id='word_1_132' title='bbox 658 2367 732 2448; x_wconf 86' lang='lat' dir='ltr'><strong>(vel</strong></span> <span class='ocrx_word' id='word_1_133' title='bbox 752 2373 825 2449; x_wconf 89' lang='grc' dir='ltr'><strong><em>τοι)</em></strong></span> <span class='ocrx_word' id='word_1_134' title='bbox 849 2363 1026 2454; x_wconf 79' lang='grc' dir='ltr'><strong><em>κροκόεντα</em></strong></span> <span class='ocrx_word' id='word_1_135' title='bbox 1046 2363 1180 2456; x_wconf 80' lang='grc' dir='ltr'><strong><em>περιζώ-</em></strong></span> 
     </span>
     <span class='ocr_line' id='line_1_19' title="bbox 177 2477 1181 2568; baseline 0.001 -25"><span class='ocrx_word' id='word_1_136' title='bbox 177 2477 269 2543; x_wconf 84' lang='grc' dir='ltr'><strong><em>σασα</em></strong></span> <span class='ocrx_word' id='word_1_137' title='bbox 287 2480 426 2564; x_wconf 84' lang='grc' dir='ltr'><strong><em>χιτῶνα,</em></strong></span> <span class='ocrx_word' id='word_1_138' title='bbox 451 2491 488 2545; x_wconf 91' lang='lat' dir='ltr'><strong>ut</strong></span> <span class='ocrx_word' id='word_1_139' title='bbox 510 2477 594 2546; x_wconf 83' lang='lat' dir='ltr'><strong>Cleo</strong></span> <span class='ocrx_word' id='word_1_140' title='bbox 618 2481 756 2545; x_wconf 89' lang='lat' dir='ltr'><strong>tunicam</strong></span> <span class='ocrx_word' id='word_1_141' title='bbox 778 2501 876 2545; x_wconf 83' lang='lat' dir='ltr'><strong>aureo</strong></span> <span class='ocrx_word' id='word_1_142' title='bbox 900 2477 1029 2568; x_wconf 85' lang='lat' dir='ltr'><strong>cingulo</strong></span> <span class='ocrx_word' id='word_1_143' title='bbox 1052 2482 1181 2544; x_wconf 90' lang='lat' dir='ltr'><strong>circum-</strong></span> 
     </span>
     <span class='ocr_line' id='line_1_20' title="bbox 177 2589 1181 2672; baseline 0.002 -17"><span class='ocrx_word' id='word_1_144' title='bbox 177 2589 283 2655; x_wconf 88' lang='lat' dir='ltr'><strong>datam</strong></span> <span class='ocrx_word' id='word_1_145' title='bbox 311 2593 438 2656; x_wconf 90' lang='lat' dir='ltr'><strong>Baccho</strong></span> <span class='ocrx_word' id='word_1_146' title='bbox 475 2589 631 2656; x_wconf 86' lang='lat' dir='ltr'><strong>obtulisse</strong></span> <span class='ocrx_word' id='word_1_147' title='bbox 665 2590 796 2656; x_wconf 87' lang='lat' dir='ltr'><strong>dicatur.</strong></span> <span class='ocrx_word' id='word_1_148' title='bbox 847 2594 949 2657; x_wconf 78' lang='lat' dir='ltr'><strong>Vsl</strong></span> <span class='ocrx_word' id='word_1_149' title='bbox 981 2591 1181 2672; x_wconf 81' lang='lat' dir='ltr'><strong>Hermauuus</strong></span> 
     </span>
     <span class='ocr_line' id='line_1_21' title="bbox 176 2697 938 2790; baseline 0.003 -24"><span class='ocrx_word' id='word_1_150' title='bbox 176 2703 317 2783; x_wconf 74' lang='grc' dir='ltr'><strong><em>θνητῶν</em></strong></span> <span class='ocrx_word' id='word_1_151' title='bbox 338 2724 400 2790; x_wconf 91' lang='lat' dir='ltr'><strong>pro</strong></span> <span class='ocrx_word' id='word_1_152' title='bbox 423 2697 622 2790; x_wconf 62' lang='lat' dir='ltr'><strong>arripuimus.</strong></span> <span class='ocrx_word' id='word_1_153' title='bbox 667 2701 778 2767; x_wconf 89' lang='lat' dir='ltr'><strong>Malim</strong></span> <span class='ocrx_word' id='word_1_154' title='bbox 800 2700 938 2790; x_wconf 75' lang='grc' dir='ltr'><strong><em>ἀνδρῶν.</em></strong></span> 
     </span>
    </p>
   </div>
   <div class='ocr_carea' id='block_1_8' title="bbox 421 3017 935 3080">
    <p class='ocr_par' dir='ltr' id='par_1_8' title="bbox 421 3017 935 3080">
     <span class='ocr_line' id='line_1_22' title="bbox 421 3017 935 3080; baseline 0.006 -5"><span class='ocrx_word' id='word_1_155' title='bbox 421 3017 636 3080; x_wconf 65' lang='lat' dir='ltr'><strong>nomm</strong></span> <span class='ocrx_word' id='word_1_156' title='bbox 659 3019 935 3080; x_wconf 65' lang='lat' dir='ltr'><strong>mosomum</strong></span> 
     </span>
    </p>
   </div>
   <div class='ocr_carea' id='block_1_9' title="bbox 178 3149 1213 4138">
    <p class='ocr_par' dir='ltr' id='par_1_9' title="bbox 178 3149 1213 3574">
     <span class='ocr_line' id='line_1_23' title="bbox 267 3149 1213 3242; baseline 0 -28"><span class='ocrx_word' id='word_1_157' title='bbox 267 3150 319 3215; x_wconf 87' lang='lat' dir='ltr'><strong>De</strong></span> <span class='ocrx_word' id='word_1_158' title='bbox 342 3149 461 3215; x_wconf 82' lang='lat' dir='ltr'><strong>Alcaeo</strong></span> <span class='ocrx_word' id='word_1_159' title='bbox 484 3150 664 3230; x_wconf 87' lang='lat' dir='ltr'><strong>Messenio,</strong></span> <span class='ocrx_word' id='word_1_160' title='bbox 686 3150 836 3216; x_wconf 84' lang='lat' dir='ltr'><strong>liberrimi</strong></span> <span class='ocrx_word' id='word_1_161' title='bbox 859 3153 924 3215; x_wconf 89' lang='lat' dir='ltr'><strong>oris</strong></span> <span class='ocrx_word' id='word_1_162' title='bbox 946 3162 1059 3238; x_wconf 88' lang='lat' dir='ltr'><strong>poeta,</strong></span> <span class='ocrx_word' id='word_1_163' title='bbox 1082 3150 1181 3216; x_wconf 85' lang='lat' dir='ltr'><strong>‹lisse-</strong></span> <span class='ocrx_word' id='word_1_164' title='bbox 1209 3233 1213 3242; x_wconf 23' lang='grc' dir='ltr'>ι</span> 
     </span>
     <span class='ocr_line' id='line_1_24' title="bbox 178 3260 1179 3350; baseline 0.002 -24"><span class='ocrx_word' id='word_1_165' title='bbox 178 3263 245 3326; x_wconf 90' lang='lat' dir='ltr'><strong>ruit</strong></span> <span class='ocrx_word' id='word_1_166' title='bbox 265 3261 435 3327; x_wconf 89' lang='lat' dir='ltr'><strong>Jacobsius</strong></span> <span class='ocrx_word' id='word_1_167' title='bbox 458 3260 562 3328; x_wconf 84' lang='lat' dir='ltr'><strong>Catal.</strong></span> <span class='ocrx_word' id='word_1_168' title='bbox 592 3264 683 3328; x_wconf 86' lang='lat' dir='ltr'><strong>Poot.</strong></span> <span class='ocrx_word' id='word_1_169' title='bbox 706 3287 737 3350; x_wconf 90' lang='lat' dir='ltr'><strong>p.</strong></span> <span class='ocrx_word' id='word_1_170' title='bbox 760 3265 840 3342; x_wconf 85' lang='lat'><strong>836,</strong></span> <span class='ocrx_word' id='word_1_171' title='bbox 869 3265 924 3348; x_wconf 92' lang='lat' dir='ltr'><strong>qui</strong></span> <span class='ocrx_word' id='word_1_172' title='bbox 947 3265 1053 3327; x_wconf 91' lang='lat' dir='ltr'><strong>omnia</strong></span> <span class='ocrx_word' id='word_1_173' title='bbox 1075 3262 1115 3328; x_wconf 90' lang='lat' dir='ltr'><strong>de</strong></span> <span class='ocrx_word' id='word_1_174' title='bbox 1139 3284 1179 3328; x_wconf 83' lang='lat' dir='ltr'><strong>eo</strong></span> 
     </span>
     <span class='ocr_line' id='line_1_25' title="bbox 179 3376 1180 3470; baseline 0.001 -33"><span class='ocrx_word' id='word_1_175' title='bbox 179 3376 361 3438; x_wconf 78' lang='lat' dir='ltr'><strong>testimonia</strong></span> <span class='ocrx_word' id='word_1_176' title='bbox 388 3377 551 3461; x_wconf 82' lang='lat' dir='ltr'><strong>congessit</strong></span> <span class='ocrx_word' id='word_1_177' title='bbox 578 3383 706 3461; x_wconf 84' lang='lat' dir='ltr'><strong>praeter</strong></span> <span class='ocrx_word' id='word_1_178' title='bbox 733 3395 830 3440; x_wconf 90' lang='lat' dir='ltr'><strong>unum</strong></span> <span class='ocrx_word' id='word_1_179' title='bbox 852 3395 1006 3461; x_wconf 88' lang='lat' dir='ltr'><strong>perquam</strong></span> <span class='ocrx_word' id='word_1_180' title='bbox 1027 3378 1180 3470; x_wconf 83' lang='lat' dir='ltr'><strong>memoria</strong></span> 
     </span>
     <span class='ocr_line' id='line_1_26' title="bbox 180 3484 1109 3574; baseline 0.005 -24"><span class='ocrx_word' id='word_1_181' title='bbox 180 3485 309 3574; x_wconf 80' lang='lat' dir='ltr'><strong>dignum</strong></span> <span class='ocrx_word' id='word_1_182' title='bbox 331 3484 471 3564; x_wconf 88' lang='lat' dir='ltr'><strong>Eusebii,</strong></span> <span class='ocrx_word' id='word_1_183' title='bbox 494 3485 583 3571; x_wconf 91' lang='lat' dir='ltr'><strong>quod</strong></span> <span class='ocrx_word' id='word_1_184' title='bbox 606 3488 742 3573; x_wconf 90' lang='lat' dir='ltr'><strong>apposui</strong></span> <span class='ocrx_word' id='word_1_185' title='bbox 762 3487 843 3551; x_wconf 87' lang='lat' dir='ltr'><strong>Hist.</strong></span> <span class='ocrx_word' id='word_1_186' title='bbox 867 3485 959 3554; x_wconf 86' lang='lat' dir='ltr'><strong>Com.</strong></span> <span class='ocrx_word' id='word_1_187' title='bbox 980 3511 1012 3574; x_wconf 95' lang='lat' dir='ltr'><strong>p.</strong></span> <span class='ocrx_word' id='word_1_188' title='bbox 1034 3490 1109 3555; x_wconf 78' lang='grc'><strong>245.</strong></span> 
     </span>
    </p>

    <p class='ocr_par' dir='ltr' id='par_1_10' title="bbox 180 3593 1180 4016">
     <span class='ocr_line' id='line_1_27' title="bbox 266 3593 1179 3664; baseline 0.002 -2"><span class='ocrx_word' id='word_1_189' title='bbox 266 3597 305 3662; x_wconf 93' lang='lat'><strong>11.</strong></span> <span class='ocrx_word' id='word_1_190' title='bbox 343 3599 445 3662; x_wconf 72' lang='lat' dir='ltr'><strong>vsa</strong></span> <span class='ocrx_word' id='word_1_191' title='bbox 472 3598 643 3662; x_wconf 90' lang='lat' dir='ltr'><strong>Jacobsius</strong></span> <span class='ocrx_word' id='word_1_192' title='bbox 671 3593 759 3663; x_wconf 76' lang='grc' dir='ltr'><strong><em>ἄλλοί</em></strong></span> <span class='ocrx_word' id='word_1_193' title='bbox 779 3621 811 3662; x_wconf 84' lang='grc' dir='ltr'><strong>τι</strong></span> <span class='ocrx_word' id='word_1_194' title='bbox 832 3599 889 3664; x_wconf 89' lang='grc' dir='ltr'><strong>καὶ</strong></span> <span class='ocrx_word' id='word_1_195' title='bbox 909 3599 978 3664; x_wconf 82' lang='grc' dir='ltr'><strong><em>νῦν.</em></strong></span> <span class='ocrx_word' id='word_1_196' title='bbox 1023 3600 1067 3664; x_wconf 79' lang='lat' dir='ltr'><strong>At</strong></span> <span class='ocrx_word' id='word_1_197' title='bbox 1092 3611 1179 3664; x_wconf 86' lang='lat' dir='ltr'><strong>recte</strong></span> 
     </span>
     <span class='ocr_line' id='line_1_28' title="bbox 180 3705 1180 3796; baseline 0.002 -24"><span class='ocrx_word' id='word_1_198' title='bbox 180 3709 227 3773; x_wconf 70' lang='grc' dir='ltr'><strong>ἔτι</strong></span> <span class='ocrx_word' id='word_1_199' title='bbox 248 3709 304 3774; x_wconf 87' lang='grc' dir='ltr'><strong>καὶ</strong></span> <span class='ocrx_word' id='word_1_200' title='bbox 324 3707 393 3788; x_wconf 86' lang='grc' dir='ltr'><strong><em>νῦν,</em></strong></span> <span class='ocrx_word' id='word_1_201' title='bbox 416 3711 533 3775; x_wconf 89' lang='lat' dir='ltr'><strong>etiam</strong></span> <span class='ocrx_word' id='word_1_202' title='bbox 556 3731 671 3789; x_wconf 86' lang='lat' dir='ltr'><strong>nuuc,</strong></span> <span class='ocrx_word' id='word_1_203' title='bbox 694 3731 737 3775; x_wconf 89' lang='lat' dir='ltr'><strong>sc.</strong></span> <span class='ocrx_word' id='word_1_204' title='bbox 758 3732 945 3796; x_wconf 87' lang='lat' dir='ltr'><strong>quamquam</strong></span> <span class='ocrx_word' id='word_1_205' title='bbox 959 3705 981 3790; x_wconf 81' lang='grc' dir='ltr'><strong><em>ἡ</em></strong></span> <span class='ocrx_word' id='word_1_206' title='bbox 996 3705 1103 3794; x_wconf 84' lang='grc' dir='ltr'><strong><em>κνήμη</em></strong></span> <span class='ocrx_word' id='word_1_207' title='bbox 1120 3710 1180 3774; x_wconf 84' lang='grc' dir='ltr'><strong>δα-</strong></span> 
     </span>
     <span class='ocr_line' id='line_1_29' title="bbox 180 3815 1179 3909; baseline 0.003 -25"><span class='ocrx_word' id='word_1_208' title='bbox 180 3815 319 3886; x_wconf 79' lang='grc' dir='ltr'><strong><em>σύνεται.</em></strong></span> <span class='ocrx_word' id='word_1_209' title='bbox 363 3821 459 3888; x_wconf 68' lang='lat' dir='ltr'><strong>vso</strong></span> <span class='ocrx_word' id='word_1_210' title='bbox 482 3844 552 3888; x_wconf 91' lang='lat' dir='ltr'><strong>cum</strong></span> <span class='ocrx_word' id='word_1_211' title='bbox 572 3823 714 3889; x_wconf 88' lang='lat' dir='ltr'><strong>Buherio</strong></span> <span class='ocrx_word' id='word_1_212' title='bbox 737 3824 851 3909; x_wconf 88' lang='lat' dir='ltr'><strong>scripsi</strong></span> <span class='ocrx_word' id='word_1_213' title='bbox 872 3817 1098 3908; x_wconf 76' lang='grc' dir='ltr'><strong><em>ἄμετακλήτον</em></strong></span> <span class='ocrx_word' id='word_1_214' title='bbox 1119 3844 1179 3909; x_wconf 87' lang='lat' dir='ltr'><strong>pro</strong></span> 
     </span>
     <span class='ocr_line' id='line_1_30' title="bbox 181 3926 419 4016; baseline 0.021 -22"><span class='ocrx_word' id='word_1_215' title='bbox 181 3926 419 4016; x_wconf 78' lang='grc' dir='ltr'><strong><em>ἀμεταβλήτου.</em></strong></span> 
     </span>
    </p>

    <p class='ocr_par' dir='ltr' id='par_1_11' title="bbox 267 4040 1179 4138">
     <span class='ocr_line' id='line_1_31' title="bbox 267 4040 1179 4138; baseline 0.001 -29"><span class='ocrx_word' id='word_1_216' title='bbox 267 4043 321 4109; x_wconf 84' lang='grc' dir='ltr'><strong>ΙΠ.</strong></span> <span class='ocrx_word' id='word_1_217' title='bbox 354 4045 412 4110; x_wconf 84' lang='lat' dir='ltr'><strong>Vs.</strong></span> <span class='ocrx_word' id='word_1_218' title='bbox 429 4047 450 4112; x_wconf 81' lang='lat'><strong>2</strong></span> <span class='ocrx_word' id='word_1_219' title='bbox 474 4043 545 4112; x_wconf 87' lang='lat' dir='ltr'><strong>cod.</strong></span> <span class='ocrx_word' id='word_1_220' title='bbox 560 4045 673 4138; x_wconf 75' lang='grc' dir='ltr'><strong><em>αὶτττνῇ</em></strong></span> <span class='ocrx_word' id='word_1_221' title='bbox 687 4047 811 4134; x_wconf 77' lang='grc' dir='ltr'><strong><em>στέψον</em></strong></span> <span class='ocrx_word' id='word_1_222' title='bbox 825 4040 890 4111; x_wconf 81' lang='grc' dir='ltr'><strong>ὑπὸ</strong></span> <span class='ocrx_word' id='word_1_223' title='bbox 904 4045 1046 4133; x_wconf 75' lang='grc' dir='ltr'><strong><em>Κρονίᾳ.</em></strong></span> <span class='ocrx_word' id='word_1_224' title='bbox 1079 4043 1179 4130; x_wconf 86' lang='lat' dir='ltr'><strong>Quod</strong></span> 
     </span>
    </p>
   </div>
   <div class='ocr_carea' id='block_1_10' title="bbox 0 0 1523 4816">
    <p class='ocr_par' dir='ltr' id='par_1_12' title="bbox 0 0 1523 4816">
     <span class='ocr_line' id='line_1_32' title="bbox 0 0 1523 4816; baseline 0 0"><span class='ocrx_word' id='word_1_225' title='bbox 0 0 1523 4816; x_wconf 95' lang='lat' dir='ltr'><strong> </strong></span> 
     </span>
    </p>
   </div>
  </div>
 </body>
</html>
