3028 4826
326 456 379 510 188
665 447 984 512 conmortuus.

323 603 490 690 lystratunr
513 603 607 670 Anth.
631 603 697 669 Pal.
719 605 792 685 ΧΠ,
814 607 856 670 91
880 603 1029 692 aliisque,
1058 627 1100 670 ne
1122 607 1194 670 trita
1217 606 1269 671 illa
1294 618 1327 673 et
1389 639 1394 648 ·

325 714 473 782 omnibus
494 725 573 780 nota
597 737 848 781 commemorem.
892 717 998 782 Primo
1020 738 1116 783 versu
1138 738 1219 803 quae
1243 739 1327 783 com-

324 826 463 914 pellatur
485 829 644 907 Victoria,
666 826 820 892 Pallantis
841 827 923 908 fiha,
944 829 975 892 h.
999 849 1027 892 e.
1050 828 1206 908 Minerva,
1228 831 1326 894 Παλ-

324 932 460 1016 λαντιάς
479 933 561 1027 κόρη
581 937 698 1003 dicitur
712 941 806 1004 etiam
820 938 969 1026 Philippo
986 939 1081 1005 anth.
1096 939 1163 1004 Pal.
1179 941 1325 1018 V1‚2l7.

324 1047 413 1115 lllam
442 1051 552 1130 Νίκην
569 1047 726 1130 Ἀθηνᾶν
753 1049 793 1114 ab
816 1048 1065 1116 Atheniensibus
1095 1049 1209 1116 cultam
1236 1073 1327 1137 prac-

325 1171 376 1226 ter
396 1159 624 1248 Bacchylidem
651 1170 804 1225 memorat
825 1160 1006 1247 Sophocles
1028 1161 1108 1227 Phil.
1133 1165 1206 1228 134.
1257 1163 1327 1227 Me-

324 1272 448 1338 nander
476 1271 570 1339 Com.
599 1295 646 1362 gr.
675 1271 740 1338 vol.
763 1272 821 1352 IV,
842 1294 916 1360 pag.
939 1275 1015 1338 282.
1066 1274 1205 1339 Nonnus
1225 1273 1325 1338 Dion.

323 1385 488 1464 XXXVII,
510 1385 584 1450 623.

722 1473 923 1484 -ι-

598 1612 845 1670 unocnrnrnns
862 1619 920 1670 nu.
932 1618 985 1685 vr,
1004 1615 1048 1668 52.

368 1723 522 1816 Εὔδημος
542 1724 601 1797 τάν
620 1723 703 1809 νηὸν
724 1728 775 1798 ἐπ’
801 1728 906 1818 ἀγροῦ
926 1726 1018 1796 τόνδ’
1045 1728 1210 1810 ἀνέθηκεν
1274 1793 1279 1804 ,

282 1897 284 1902 .
411 1844 458 1926 τῷ
478 1838 611 1908 πάντων
633 1839 763 1927 ἀνέμων
784 1838 931 1926 ταοτάτῳ
954 1837 1102 1933 Ζεφύρῳ.

368 1951 532 2039 εὐξαμένῳ
553 1949 618 2042 γάρ
640 1957 673 2019 οἱ
693 1943 781 2034 ἦλθε
802 1948 972 2038 βοαθόος,
996 1947 1087 2042 ὄφρα
1108 1947 1247 2038 τάχιστα

411 2059 549 2156 λικμήοῃ
570 2060 722 2130 πεπόνων
742 2057 871 2151 καρπὸν
892 2061 949 2128 ἀπ’
977 2058 1158 2149 ἀσταχύων.

324 2200 425 2286 Quod
446 2198 588 2265 secundo
610 2220 706 2265 versu
734 2197 855 2286 legitur
875 2193 1020 2283 πιοτάτῳ
1041 2199 1247 2264 vehementer
1267 2194 1325 2259 ial-

324 2312 432 2376 luntur
460 2313 515 2397 qui
543 2310 641 2376 Suida
669 2320 845 2397 praeeunte
874 2312 1122 2396 interpretantur
1149 2307 1326 2397 θρεπτικῲ,

204 2499 207 2506 ¹
324 2421 498 2508 αὐξητικῷ,
527 2444 619 2509 quam
640 2426 705 2486 vim
732 2424 838 2486 inesse
866 2421 915 2486 illi
937 2421 1096 2487 adiectivo
1125 2442 1187 2485 nec
1215 2418 1326 2484 docuit

324 2538 501 2621 quisquam,
529 2555 590 2600 neo
611 2537 639 2599 si
659 2537 780 2599 inesset
800 2534 864 2598 hoe
885 2533 960 2599 loco
986 2543 1060 2620 apta
1082 2542 1175 2598 esset.
1218 2528 1325 2596 Eude-

324 2668 393 2712 mus
423 2648 506 2712 enim
527 2646 679 2734 Zephyro
702 2648 819 2736 gratias
848 2647 929 2733 agit,
959 2665 1027 2709 non
1055 2643 1143 2730 quod
1167 2645 1235 2709 eius
1256 2643 1326 2707 foe-

326 2756 517 2823 cunditatem
546 2767 693 2843 expertus
716 2766 797 2837 erat,
827 2756 885 2822 sed
909 2755 996 2844 quod
1018 2755 1126 2843 paleas
1149 2778 1168 2819 a
1188 2755 1325 2820 frumen-

324 2875 364 2934 tis
380 2873 559 2935 secernenti
572 2868 690 2934 leniter
706 2868 877 2948 afflaverat,
899 2890 991 2954 quarn
1006 2870 1069 2932 vim
1084 2869 1221 2933 Favonii
1235 2887 1325 2953 prae-

324 2981 408 3047 dicat
430 2979 612 3048 Columella
633 2982 673 3046 R.
688 2981 728 3045 R.
752 2981 796 3059 ll,
818 2983 877 3060 20,
899 2980 955 3046 ubi
977 2977 1190 3044 Schneiderus
1210 2981 1245 3043 in
1266 2999 1324 3043 no-

324 3103 391 3159 stro
426 3096 648 3181 epigrammate
683 3100 785 3156 tentat
818 3087 1002 3180 πρηϋτάτῳ.
1059 3090 1141 3154 Mihi
1168 3085 1324 3173 λειοεάτῳ

323 3203 524 3270 scribendum
551 3203 687 3268 videtur.
731 3206 774 3268 V.
797 3203 938 3268 Lobeck.
967 3203 1008 3268 ad
1038 3199 1207 3289 Sophoclis
1235 3200 1323 3265 Aiac.

323 3319 398 3382 674.
446 3303 554 3381 Versu
581 3317 676 3380 tertio
704 3315 841 3380 fortasse
868 3313 1042 3403 legendum
1071 3310 1234 3398 εὐξαμένῳ
1257 3305 1323 3398 yolo

323 3427 460 3507 ἐπῆλθε.

633 3640 810 3694 nrononns
828 3641 887 3693 nu.
899 3642 935 3708 v,
953 3638 1015 3691 122.

368 3744 429 3833 Μὴ
444 3746 531 3838 σύγε
546 3747 624 3837 μηδ’
638 3748 730 3819 sicot
744 3745 830 3817 πολὺ
843 3755 1000 3842 φέρτερος
1017 3745 1110 3816 εἴδετ’
1123 3745 1181 3814 ἀπ’
1199 3741 1309 3813 ὅσσων

411 3859 608 3954 ἀμφοτέρων
628 3864 769 3944 κλεινοῦ,
790 3866 900 3952 κοῦρε,
922 3861 1191 3944 Μεγιστοκλέους,

367 3969 429 4056 κῆν
450 3975 566 4068 οτέλβῃ
584 3977 754 4065 χαρίτεσσι
775 3977 983 4060 λελουμένος,
1005 3971 1229 4065 ἀμφιὸοναίης

411 4080 470 4154 τάν
490 4082 609 4154 καλόν·
633 4085 674 4154 οὐ
693 4081 758 4174 γὰρ
781 4083 800 4152 ὁ
822 4093 901 4164 παῖς
922 4082 1018 4166 ἤπιος
1040 4083 1108 4152 οάὸυ
1124 4076 1254 4158 ἀκακος.
