3016 4808
323 445 360 504 σο
720 447 934 500 Διοτιυογ
1064 515 1066 520 Α

785 597 872 666 *IV.

330 699 402 774 Τδιν
421 700 512 792 ἥβαν
533 711 568 786 ές
588 701 702 774 ἄεθλα
722 704 833 787 πάλας
853 700 976 790 ἤσκησε
996 709 1158 796 κραταιᾶς

368 811 392 882 δι’
413 840 449 885 τε
470 818 684 898 Ποσειδῶνος
704 822 762 887 καί
783 815 861 898 Διὸς
883 816 906 885 ἁ
927 813 1033 906 γενεαί.

325 935 430 995 κεῖται
450 929 487 995 δέ
508 952 590 1023 σφιν
611 927 702 1018 ἀγών
723 929 764 998 οὐ
780 932 924 1019 χαλκέου
945 927 1034 1022 ἀμφὶ
1056 929 1201 1016 λέβητος,

369 1036 438 1107 ἀλλ’
463 1035 555 1119 ὅστις
575 1034 664 1122 ζωὰν
685 1041 811 1112 οίσεται
830 1036 855 1126 ἢ
873 1037 1041 1109 θάνατον.

323 1149 481 1219 ’Λυταίου
500 1147 541 1219 τὸ
561 1156 690 1240 πτῶμα.
712 1159 827 1241 πρέπει
849 1151 880 1220 δ’
903 1152 1074 1242 Ἡρακλέα
1095 1155 1191 1219 νικᾶν

369 1249 430 1332 τόν
450 1258 538 1341 Διός.
556 1262 716 1356 Ἀργείων
735 1265 759 1332 ἁ
780 1261 886 1346 πάλα,
912 1261 954 1332 οὐ
972 1258 1123 1349 Λιβύων.

805 1390 849 1456 V.

326 1498 377 1565 Λί
397 1492 533 1586 νόμιμοι
555 1495 613 1566 δύο
635 1503 733 1589 γρῆες
754 1495 906 1588 ὁμήλικες
924 1489 1024 1586 ἦμεν,
1042 1492 1172 1580 Ἀναξώ

372 1611 430 1676 καί
450 1605 589 1691 Κληνοί,
617 1612 747 1700 δίδυμοι
767 1612 884 1691 παῖδες
901 1605 1118 1700 Ἐπικράτεος,

327 1715 450 1803 Κληνοί
472 1723 533 1807 μὲν
556 1724 715 1813 Χαρίτων
736 1727 824 1813 ίέρη,
844 1720 999 1811 Δήμητρι
1019 1718 1049 1788 δ’
1072 1716 1201 1804 Ἀναξώ

372 1838 409 1900 ἐν
430 1832 494 1925 ζωῇ
514 1832 722 1923 προπολεῦό·
744 1839 839 1903 ἐννέα
860 1833 892 1902 δ’
918 1832 1036 1918 ηἐλίων

261 2021 265 2030 .
329 1941 601 2031 όμδωκονταέτεις
622 1947 830 2036 ἐπιλείπομεν
853 1952 886 2026 ἐς
906 1943 977 2014 τόδ’
1003 1948 1140 2013 ίκέσθαι

373 2058 434 2138 τῆς
454 2057 589 2146 μοίρης·
611 2062 708 2124 ἐτέων
730 2054 761 2124 δ’
788 2056 829 2126 οὐ
849 2055 985 2150 φθόνος
1006 2060 1134 2139 ίσσσίη·

268 2191 270 2196 ·
329 2168 386 2237 καὶ
406 2162 528 2246 πόσιας
548 2148 606 2236 καί
625 2171 725 2236 τέκνα
747 2165 948 2262 φιλήσαμεν·
970 2173 1007 2236 αἱ
1027 2170 1062 2236 δὲ
1083 2169 1226 2235 παλαιαί
1257 2155 1260 2172 ’
1291 2219 1292 2222 ¹

345 2375 347 2379 Ι
373 2276 481 2368 πρῶθ’
506 2277 600 2368 ἡμεῖς
616 2277 733 2363 Ἀίδην
753 2276 861 2372 πρηόν
881 2276 1090 2375 ἀφικόμεθα.

803 2407 862 2472 VI.

332 2516 491 2606 Νυμφίον
512 2511 691 2602 Εὐαμόρην
711 2518 963 2604 πολνπένθιμου
984 2512 1006 2598 ἡ
1029 2516 1224 2582 Πολυαίνου

374 2625 522 2704 Σκυλλίς
544 2623 592 2694 ἀν’
618 2624 744 2717 εὐρείας
765 2619 855 2710 ἦλθε
875 2629 992 2714 βοῶσα
1013 2623 1119 2704 πύλας

331 2738 439 2804 παῖδα
458 2731 519 2804 τόν
537 2734 757 2826 Ἠγεμοίχειον
779 2743 945 2830 ἐφέντων·
971 2735 1041 2806 οὐδ’
1068 2731 1117 2828 ἄρ’
1142 2739 1248 2820 ἐκείνη

372 2843 460 2938 χήρη
481 2845 654 2939 πατρῴους
675 2842 778 2928 αὖθις
800 2851 926 2933 ἐσῆλθε
948 2845 1078 2936 δόμους,

333 2960 506 3047 δαιμονίη·
532 2957 672 3052 τριτάτῳ
693 2964 728 3028 δὲ
750 2964 937 3055 κατέφθιτο
960 2964 1041 3047 μηνὶ
1062 2963 1206 3029 δυσαίων

377 3069 536 3166 οὐλομένη
557 3076 666 3160 ψυχῆς
688 3069 850 3166 δόσφρονι
871 3069 1029 3155 τηκεδόνι.

332 3182 431 3250 τοῦτο
454 3180 485 3248 δ’
512 3181 557 3250 ἐπ’
583 3181 803 3277 ἀμφοτέροισι
824 3181 1051 3252 πολόκλαυτον
1073 3180 1259 3277 φιλότητος.

350 3321 352 3324 ·
377 3298 510 3376 ἕστηκεν
531 3295 600 3389 λείη
619 3297 737 3385 μνῆμα
757 3291 851 3385 παρολ
872 3293 1001 3385 τριόδῳ.

777 3423 872 3487 ΎΙΙ.

339 3526 421 3596 Οὐδὲ
443 3531 526 3596 λέων
547 3524 590 3609 ὣς
611 3525 718 3610 δεινὸς
739 3536 775 3598 ἐν
797 3526 941 3622 οὔρεσιν,
964 3528 1008 3610 ὡς
1029 3528 1049 3598 ὁ
1073 3532 1231 3609 Μίκωνος

377 3635 449 3720 υίὸς
469 3637 683 3744 Κριναμόρης
704 3648 740 3710 ἐν
762 3647 889 3710 σακέων
909 3639 1057 3729 πατάγῳ.

335 3763 534 3774 1,-

337 3861 339 3864 -
405 3816 453 3875 lV.
471 3815 527 3874 Pal.
539 3815 588 3886 IX,
604 3819 666 3874 391.
685 3816 763 3876 VM
782 3817 828 3876 ἅδε
849 3851 881 3862 -
900 3816 933 3876 V.
952 3817 1008 3876 Pal.
1022 3815 1080 3886 Vll,
1098 3820 1152 3875 733
1170 3815 1248 3876 νιῖ
1265 3822 1340 3876 δίδυ-

334 3903 400 3976 μαιλ
417 3901 497 3961 vm
515 3901 578 3979 ἱερή,
595 3900 675 3960 Vm
692 3902 755 3960 fort.
774 3901 949 3980 διαλείπομεν
965 3903 1046 3962 λεδ
1062 3903 1125 3961 fort.
1137 3903 1195 3962 ἐσθ’
1210 3905 1293 3980 ὁσίης.
1306 3937 1341 3948 -

334 3985 380 4045 Vl
398 3986 454 4045 Pal.
467 3986 530 4058 Vll,
547 3992 609 4046 475.
631 3988 711 4048 V8.3
727 3990 790 4047 fort.
811 3989 947 4066 ἆφέστιοκ·
970 3988 1049 4048 VM
1067 3988 1160 4056 αὖτιςέ
1181 3989 1261 4049 Vs.ss
1277 3988 1340 4048 fort.

336 4071 460 4150 όλλυμέκη
478 4073 556 4134 νιθ
573 4075 663 4153 μκᾶμα
683 4110 715 4122 -
734 4075 792 4136 Vll.
810 4075 865 4135 Pal.
879 4075 944 4148 VII,
960 4079 1022 4136 227.
