3016 4808
509 465 511 470 ‘
567 461 818 522 PRAEFATIO.
1149 481 1191 522 vn

192 614 240 688 tia
263 626 302 688 et
332 613 500 713 poeticae
525 613 668 688 virtutis
693 611 805 688 laude
829 638 919 713 prae
944 615 1074 689 ceteris
1100 615 1191 689 emi-

194 747 339 811 nerent.
397 739 443 810 In
474 735 516 810 iis
546 735 658 832 igitur
689 733 846 810 edendis
877 734 973 809 hanc
1002 736 1190 812 rationem

195 867 376 954 sequutus
400 881 504 943 sum,
532 868 575 930 ut
599 868 744 931 servato
769 852 850 931 fere
875 856 1188 955 epigrammatum

194 978 328 1054 ordine
350 977 589 1052 Brunckiano
608 977 854 1075 Anthologiae
870 977 1053 1054 Palatinae
1077 979 1189 1064 locos,
1289 1043 1291 1048 .

194 1123 238 1174 ex
256 1099 392 1196 quibus
409 1083 552 1196 singula
570 1099 733 1172 carmina
750 1098 911 1174 derivata
927 1111 1025 1187 sunt,
1041 1083 1079 1174 in
1092 1126 1190 1174 mar-

193 1220 278 1316 gine
310 1232 485 1295 notarem
516 1231 553 1295 et
577 1220 815 1294 Jacobsianae
844 1203 1011 1295 lectionis
1042 1218 1189 1297 diversi-

191 1353 307 1416 tatem
338 1365 428 1417 cum
458 1341 554 1417 meis
586 1341 822 1440 aliorumque
850 1341 1071 1418 coniecturis
1097 1342 1190 1416 indi-

192 1489 327 1538 carem.
382 1466 428 1538 In
452 1473 599 1538 textum
629 1463 732 1537 enim
757 1486 837 1537 non
863 1464 989 1563 recepi
1013 1464 1190 1539 emenda-

192 1586 328 1671 tiones
361 1584 431 1658 nisi
463 1583 677 1682 quaemihi
708 1584 805 1658 visae
834 1597 924 1660 sunt
954 1586 1187 1661 certissimae.

192 1711 437 1804 Quamquam
460 1707 500 1779 in
524 1704 599 1779 hoc
622 1704 703 1804 ipso
726 1729 861 1780 vereor
885 1731 934 1781 ne
958 1705 1018 1780 hic
1042 1705 1112 1780 illic
1135 1707 1189 1781 iu-

191 1839 249 1902 sto
281 1824 422 1901 fuerim
451 1825 719 1912 verecundior,
758 1849 789 1901 e.
823 1849 857 1924 g.
889 1826 929 1900 in
959 1827 1188 1905 Dioscuridis

190 1950 315 2048 Epigr.
340 1955 389 2036 X,
413 1951 447 2022 3.
478 1952 581 2035 XVI,
605 1951 640 2023 4.
695 1947 803 2022 Locis
837 1950 1022 2048 corruptis
1055 1963 1092 2025 et
1123 1953 1187 2048 qui

191 2095 327 2144 omnes
358 2068 588 2146 emendandi
618 2082 772 2145 conatus
804 2068 1011 2159 eluserunt,
1048 2074 1188 2148 asteris-

192 2217 280 2266 cum
306 2193 472 2291 apposui.
517 2191 625 2266 Idem
651 2192 802 2288 signum
827 2192 857 2265 si
874 2192 1028 2290 quando
1054 2219 1188 2270 nume-

190 2314 249 2400 ris,
274 2314 409 2411 quibus
426 2312 570 2410 singula
588 2313 752 2387 carmina
767 2323 893 2387 notata
910 2323 1007 2400 sunt,
1032 2314 1186 2413 appinxi,

191 2459 237 2509 eo
263 2436 450 2510 incertum
475 2423 634 2509 auctoris
658 2460 804 2510 nomen
830 2459 911 2509 esse
935 2433 1099 2511 indicare
1122 2462 1186 2512 vo-

188 2556 249 2630 lui.
305 2555 566 2631 Adnotationis
598 2556 742 2630 criticae
771 2581 852 2630 non
884 2556 957 2630 hoc
988 2557 1185 2633 consilium
1232 2564 1235 2570 ’

189 2702 269 2752 esse
293 2678 425 2778 potuit,
449 2689 492 2752 ut
508 2675 693 2775 quidquid
718 2675 766 2751 ad
783 2690 1116 2753 controversorum
1132 2680 1186 2754 lo-

189 2825 325 2875 comm
356 2799 466 2873 crisin
495 2799 701 2898 pertineret
738 2798 871 2875 ordine
902 2823 1184 2890 enumerarem;

187 2921 225 2995 id
263 2922 368 2996 enim
400 2931 567 2996 accurate
602 2919 831 3020 plerumque
867 2917 955 2996 fecit
984 2923 1184 3009 Jacobsius,

76 3055 79 3062 ’
187 3067 314 3141 neque
331 3043 540 3116 litterarum
556 3042 710 3116 interest
734 3068 831 3140 quae
851 3047 896 3118 ab
914 3042 988 3116 aliis
1004 3055 1106 3119 recte
1123 3045 1185 3119 ad-

187 3165 392 3238 ministrata
410 3176 498 3237 sunt
522 3164 662 3238 iterum
677 3165 892 3263 iterumque
909 3163 1092 3240 inculcari.
1127 3171 1183 3242 Ne

187 3285 340 3358 Palatini
372 3284 526 3382 quidem
559 3284 695 3359 codicis
726 3285 903 3360 lectiones
928 3286 1084 3362 indicavi
1114 3289 1183 3362 nisi

186 3406 439 3494 notabiliores
470 3406 668 3482 levioribus
692 3408 784 3482 vitiis
817 3419 855 3484 et
885 3410 1018 3508 apertis
1048 3411 1184 3484 errori-

74 3605 75 3609 *
186 3530 273 3614 bus,
306 3552 474 3626 quorum
499 3527 714 3605 emendatio
739 3555 866 3628 neque
889 3529 1027 3627 ingenii
1057 3557 1183 3630 neque

91 3650 93 3654 ’
187 3647 378 3724 doctrinae
402 3649 553 3725 laudem
572 3651 692 3738 habet,
716 3651 862 3727 silentio
880 3653 1117 3740 transmissis;
1143 3656 1182 3730 in

187 3792 265 3867 quo
302 3796 367 3846 me
403 3772 495 3846 nihil
524 3769 655 3848 secisse
687 3772 817 3860 credo,
857 3773 963 3870 quod
1000 3773 1182 3851 liberalius

187 3889 335 3966 erudito
367 3891 560 3991 displicere
597 3896 721 3994 possit.
782 3899 909 3969 Arne
942 3894 1023 3990 ipso
1055 3910 1181 3974 autem
1247 3950 1252 3963 -

186 4013 364 4111 quicquid
391 4026 520 4088 contra
546 4015 680 4092 codicis
703 4014 824 4090 fidem
840 4024 1023 4090 novatum
1042 4029 1106 4107 est,
1131 4019 1183 4093 di-

185 4133 343 4231 ligenter
366 4134 609 4213 indicandum
633 4136 768 4240 putavi.
