3026 4816
332 472 384 528 124
599 466 861 526 Annorlnlo
885 466 1070 527 Clll'l'lGA.

331 622 409 707 ρίας
435 624 497 705 μέν
524 626 592 687 ἐστι
619 615 662 686 τό
691 621 744 686 ἐπὶ
771 621 838 686 τῶν
864 616 1004 709 τριόδων
1028 613 1189 707 πρόσωπα
1211 613 1335 700 ξύλινα,

330 725 354 794 ἃ
383 724 424 811 δὴ
454 734 487 796 οὶ
504 726 648 797 ’Λττικοὶ
675 727 778 817 κόρας
798 732 946 797 καλοῦσι.
997 729 1165 797 Eiusmodi
1191 732 1336 820 imagun-

331 841 419 908 culas
441 845 535 907 etiam
557 841 626 908 aliis
649 846 684 908 in
700 843 780 908 locis
803 865 897 930 quam
918 846 952 907 in
967 845 1068 908 triviis
1089 845 1212 930 positas
1234 843 1335 908 fnisse

330 962 580 1021 consentaneum
607 964 664 1019 est
716 955 806 1019 Haec
831 957 859 1020 si
879 976 955 1020 vera
981 963 1030 1020 est
1059 955 1242 1042 explicatio,
1271 974 1333 1042 pro

329 1069 366 1130 ἐν
386 1060 486 1131 ὕδασι
507 1064 710 1130 scribendum
733 1076 782 1131 est
802 1063 856 1154 ἐφ’
874 1061 982 1144 ὕδασι,
1003 1073 1040 1130 ut
1053 1068 1212 1130 sententia
1235 1087 1335 1130 emer-

329 1186 386 1264 gat
406 1176 567 1242 baec:·et
586 1186 735 1257 vestra,
763 1197 785 1242 o
807 1177 1030 1265 Nymphae,
1053 1176 1196 1265 sigilla
1218 1179 1259 1241 in
1280 1179 1334 1241 ri-

328 1290 392 1375 pis
414 1291 551 1376 posita
573 1296 613 1354 et
634 1309 822 1375 aquarum
843 1287 1087 1376 adspergine
1108 1286 1332 1354 identidem

328 1398 559 1465 madefacta.
616 1401 688 1466 Nisi
721 1401 805 1465 forte
847 1394 1050 1489 κοροκόσμια
1089 1398 1146 1463 illa
1185 1402 1220 1463 in
1254 1401 1331 1486 ipsis

328 1512 389 1574 rivi
424 1514 506 1575 saxis
541 1515 647 1599 posita
680 1511 823 1590 fuerunt,
857 1510 1123 1598 quemadmodum
1150 1513 1245 1574 etiam
1273 1531 1332 1576 no-

328 1624 401 1685 stris
423 1622 619 1708 temporibus
641 1626 675 1688 in
696 1623 884 1712 regionibus
907 1621 1083 1687 catholicae
1104 1621 1255 1710 religioni
1278 1621 1333 1687 ad-

329 1732 436 1812 dictis,
462 1733 552 1800 velut
579 1737 613 1799 in
641 1731 758 1800 linibus
784 1736 1038 1812 Juvaviensium,
1066 1732 1170 1797 Divae
1198 1737 1331 1822 virginis

327 1842 383 1909 vel
403 1843 592 1911 Sanctorum
619 1846 835 1934 imagunculae
863 1848 897 1911 in
922 1848 1064 1910 rivorum
1086 1848 1168 1910 saxis
1190 1854 1331 1932 praeter-

328 1959 470 2021 euntium
497 1959 699 2024 venerationi
735 1960 892 2045 expositas
920 1955 1075 2022 videmus.
1124 1958 1226 2023 vso
1257 1958 1329 2024 cod.

325 2064 535 2156 Ἀριστοκλεη
558 2071 595 2135 σὲ
616 2067 647 2135 δ’
667 2065 851 2156 ὁδοιπόρος.
873 2067 994 2154 Scripsi
1025 2062 1254 2155 Ἀριστοκλέης
1276 2063 1326 2134 ὅδ’

328 2174 514 2268 όὸοιιτόρος.
557 2179 729 2248 Jacobsius
747 2176 976 2267 Ἀριστοκλέης
997 2175 1028 2244 δ’
1053 2175 1097 2244 λό’
1123 2175 1307 2267 ὁδοιπόρος.

415 2292 516 2356 LVII.
552 2293 611 2358 Vs.
633 2293 655 2357 3
682 2313 744 2378 pro
773 2285 957 2378 depudesco
984 2289 1121 2355 fortasse
1141 2300 1285 2376 praestat
1306 2289 1330 2358 ἁ

326 2397 502 2490 κρυόεσσα,
526 2423 590 2488 quo
613 2402 736 2468 ducunt
758 2399 851 2467 codd.
874 2400 992 2466 Suidae
1014 2423 1039 2467 s.
1060 2424 1090 2465 v.
1112 2401 1225 2488 βᾶρις,
1251 2425 1330 2490 quo-

327 2536 397 2579 rum
418 2514 473 2579 alii
494 2514 613 2579 babent
639 2509 834 2602 depudesco,
857 2511 912 2576 alii
933 2507 1128 2598 ἀκρυόεσσα.

414 2626 528 2690 LVlll.
565 2626 660 2691 Vsa
682 2625 852 2713 legebatrn
871 2619 1096 2715 κιλιυθήτρσι.
1135 2623 1256 2712 Scripsi
1276 2648 1329 2691 κι-

326 2739 506 2830 assuimur,
528 2747 564 2802 ut
585 2735 728 2824 postulat
750 2734 917 2824 analogiae
932 2734 992 2802 lex.
1030 2737 1088 2800 Vs.
1105 2737 1128 2801 8
1148 2735 1242 2801 valde
1264 2747 1329 2802 tor-

326 2851 367 2914 sit
393 2852 584 2935 interpretes
613 2845 804 2926 αὐλοθετιῖ,
833 2866 893 2935 pro
916 2867 981 2933 quo
1008 2849 1036 2911 si
1056 2867 1196 2933 reponas
1218 2845 1329 2916 ἆθλο-

326 2960 432 3039 θετεῖ,
454 2959 535 3024 nihil
556 2959 640 3025 ultra
662 2958 867 3025 desiderabis.
922 2975 927 2994 ⁸
970 2955 973 2962 ⁴

414 3072 494 3136 LXI.
539 3071 685 3137 Servavit
706 3071 864 3137 Stobaeus
887 3069 974 3135 Flor.
998 3067 1093 3150 CXX,
1116 3073 1137 3136 9
1160 3094 1230 3136 cum
1252 3071 1329 3137 lem-

326 3182 597 3249 matamorus.
634 3182 722 3249 Male
745 3173 901 3249 Simonidi
923 3181 1036 3247 tribuit
1057 3182 1264 3265 Welclrerus,
1286 3182 1327 3250 de

326 3316 390 3381 quo
420 3294 571 3360 admonui
592 3293 715 3361 Comie.
739 3317 843 3383 graec.
866 3295 923 3372 lv,
950 3317 982 3381 p.
1006 3295 1071 3359 718
1099 3297 1226 3361 nescius
1252 3305 1327 3375 tum,

325 3408 410 3471 inter
430 3406 597 3473 Leonidae
620 3409 786 3474 Tarentini
814 3408 952 3471 earmina
973 3406 1037 3470 boc
1057 3409 1244 3493 poemation
1265 3410 1327 3472 iam

324 3527 489 3607 receptum
518 3540 588 3584 esse
616 3517 829 3584 aBrunckio.
882 3515 1036 3584 Ceterum
1065 3517 1192 3583 exhibui
1219 3518 1327 3586 locum

292 3653 294 3664 ·
325 3641 361 3696 ut
383 3653 421 3696 ex
444 3629 538 3697 codd.
561 3630 746 3696 emendatus
772 3639 820 3696 est
848 3630 1073 3696 aGaisfordo.
1118 3630 1176 3694 Vs.
1201 3631 1221 3695 4
1251 3627 1281 3695 δ’
1306 3620 1327 3721 ᾗ

325 3764 384 3831 pro
407 3736 448 3823 δὴ
470 3746 532 3808 iam
554 3743 725 3808 Jacobsius
748 3745 888 3828 scripsit,
911 3741 999 3829 quod
1020 3740 1209 3831 ignorabam
1232 3765 1327 3828 quum

324 3856 345 3920 l.
362 3855 382 3920 l.
407 3855 540 3920 eandem
563 3857 778 3920 coniecturam
799 3854 984 3940 proferrem.

414 3969 507 4032 LXll.
544 3970 602 4034 Vs.
622 3970 644 4034 2
667 3962 842 4059 ἁψόμενος
863 3965 1025 4054 κεφαλῆς,
1047 3965 1136 4052 quod
1158 3966 1253 4030 animi
1276 3987 1328 4030 ae-

325 4080 493 4168 gritudinis
515 4081 675 4146 indicium.
710 4080 756 4144 lta
779 4077 865 4166 apud
886 4079 1007 4144 Persen
1023 4076 1152 4144 Antbol.
1175 4076 1242 4142 Pal.
1256 4076 1329 4156 Vll,
