3016 4808
436 1249 443 1256 ’
476 1288 877 1389 rulurlrro.

600 1560 616 1567 α
623 1561 746 1566 .—--.-..-

173 1746 231 1870 In
256 1791 481 1905 adornando
506 1793 581 1868 hoc
605 1805 806 1894 poetarum
831 1818 929 1893 quos
953 1815 1084 1892 graeca
1102 1799 1177 1870 An-

173 1915 342 2014 thologia
375 1914 636 2016 complectitur
666 1913 813 1991 delectu
844 1914 938 2014 quid
968 1915 1110 1991 consilii
1140 1929 1177 1990 et

172 2061 295 2136 quam
318 2037 506 2113 rationem
530 2047 713 2136 sequutus
737 2037 819 2124 sim,
845 2038 913 2112 etsi
931 2037 1176 2135 intelligentes

175 2183 259 2234 non
282 2158 417 2247 latebit,
440 2171 570 2234 tamen
588 2160 713 2258 paucis
731 2156 1001 2260 exponendum
1017 2151 1174 2234 videtur.

175 2283 276 2356 Nam
301 2305 425 2381 quum
456 2291 543 2355 ante
566 2279 638 2354 hos
663 2277 761 2354 duos
789 2275 913 2356 ferme
937 2293 1056 2356 annos
1080 2280 1176 2354 mul-

176 2412 309 2476 torum
331 2401 572 2477 sermonibus
598 2399 645 2476 ad
669 2425 735 2477 me
758 2400 946 2502 perlatum
970 2412 1076 2489 esset,
1099 2402 1177 2476 Fri-

177 2520 350 2597 dericum
365 2522 580 2598 Jacobsium
595 2521 844 2620 Anthologiae
868 2546 1021 2621 graecae
1044 2523 1084 2598 in
1099 2523 1177 2598 Fir-

176 2641 272 2718 mini
288 2641 427 2732 Didoti,
451 2643 674 2745 bibliopolae
689 2644 912 2732 Parisiensis,
936 2645 1093 2743 gratiam
1108 2669 1176 2720 no-

179 2763 231 2838 vis
257 2765 354 2838 curis
381 2763 621 2867 expoliendae
646 2765 845 2862 negotium
867 2766 1087 2866 suscepisse,
1112 2791 1177 2841 ne-

180 2909 255 2984 que
292 2909 404 2985 aegre
439 2885 605 2962 laturum
638 2911 719 2962 esse
749 2887 874 2961 virum
909 2887 1173 2962 amicissimum

180 3007 446 3097 existimarem,
477 3007 508 3082 si
538 3032 635 3107 quae
661 3007 754 3082 mihi
779 3006 827 3083 ad
849 3033 989 3084 novam
1012 3008 1095 3083 libri
1119 3033 1176 3084 re-

180 3128 399 3206 censionem
428 3154 510 3205 non
540 3128 718 3204 inutiliter
752 3129 904 3206 moneri
934 3155 1045 3231 posse
1076 3129 1176 3206 vide-
1294 3217 1298 3224 ,

179 3261 327 3338 rentur,
359 3277 449 3327 cum
479 3276 526 3328 eo
558 3251 898 3340 communicarem3
928 3251 1061 3328 sedulo
1087 3276 1176 3327 con-

179 3370 331 3469 quirere
362 3374 470 3472 coepi
500 3370 686 3472 quidquid
715 3373 875 3449 subinde
899 3371 947 3449 ad
972 3371 1176 3450 emendan-

180 3489 269 3566 dam
284 3492 552 3592 Anthologiam
577 3494 737 3593 privatos
762 3495 801 3570 in
819 3520 910 3570 usus
924 3495 1053 3570 litteris
1070 3521 1176 3570 man-

180 3610 337 3688 dassem.
397 3619 532 3690 Postea
563 3610 699 3691 falsum
725 3641 804 3691 esse
829 3617 895 3715 qui
924 3614 972 3692 de
996 3641 1094 3691 nova
1118 3622 1175 3692 Ja-

181 3733 293 3808 cobsii
319 3759 433 3834 opera
457 3741 723 3836 percrebuerat
745 3761 945 3812 rumorem
970 3738 1084 3836 ipsius
1108 3739 1175 3814 viri

180 3857 480 3952 praestantissimi
503 3856 629 3933 litteris
655 3857 811 3934 edoctus
836 3882 932 3932 sum.
981 3861 1059 3933 Nec
1083 3883 1174 3935 vero

183 3997 312 4051 cares
342 3977 439 4052 hanc
470 3977 572 4077 apud
608 4005 672 4056 me
702 3980 779 4057 vim
814 3977 957 4065 habuit,
995 3990 1039 4052 ut
1069 3981 1174 4078 quod

184 4117 380 4196 coeperam
406 4098 632 4176 omitterem.
688 4105 776 4195 Quo
802 4100 920 4197 magis
946 4098 1047 4172 enim
1073 4100 1112 4174 in
1136 4101 1175 4175 il-
