3028 4826
339 451 392 507 176
680 446 1003 509 conlucremur.

338 600 399 666 bus
427 601 531 665 ventis
559 621 674 666 usurae
687 592 776 680 sint,
802 601 958 667 Jacobsio
975 603 1032 666 *vix
1052 599 1237 690 probabile,
1267 603 1345 668 mihi

338 711 551 782 felicissimum
573 711 701 778 videtur
723 723 935 778 commentum
958 734 1037 778 esse.
1059 727 1068 738 ·

632 1021 830 1074 nmnnnenn
847 1020 906 1072 rai.
920 1021 988 1091 xn,
1006 1019 1050 1075 ου.

374 1129 556 1202 ’Ἕσπευδον
576 1127 637 1200 τὸν
652 1129 782 1223 Ἔρωτα
803 1141 933 1226 φυγεῖν,
956 1133 974 1202 ὁ
998 1137 1033 1202 δὲ
1054 1130 1155 1222 βαιὸν
1175 1131 1313 1225 ἆνοὶφας

425 1247 549 1338 φαυίον
571 1250 607 1312 ἐκ
627 1249 751 1336 τέφρης
773 1235 844 1333 εὗρέ
866 1269 908 1332 με
929 1243 1162 1335 κρυπτόμενον.

378 1354 545 1435 κυκλώσας
566 1354 598 1436 δ’
619 1353 659 1424 οῦ
680 1353 778 1437 τόξα,
796 1351 894 1444 χερὸς
915 1354 947 1422 δ’
966 1354 1138 1446 ἀκρώνυχα
1160 1354 1284 1438 δισσόν,

422 1471 545 1554 κνίομα
565 1461 669 1558 πυρὸς
690 1463 849 1557 θραύσας
871 1464 915 1544 εές
936 1492 977 1554 με
1001 1464 1121 1536 λαθών
1142 1469 1269 1555 ἔβαλεν.
1337 1525 1339 1530 .

379 1587 415 1647 έκ
437 1582 471 1647 δέ
494 1574 616 1669 φλόγες
637 1574 744 1672 πάντῃ
765 1603 823 1665 μοι
846 1580 1040 1667 ἐπέδραμον.
1063 1571 1090 1645 ὦ
1110 1575 1200 1668 βαρὺ
1221 1584 1344 1671 φέγγος

424 1687 565 1777 λα’μφαν
587 1693 671 1776 έμοὶ.
693 1695 779 1776 μέγα
799 1690 865 1778 πῦρ
891 1691 1021 1757 Φανίου
1042 1697 1078 1757 έν
1099 1693 1229 1779 κραδίᾳ.

337 1825 583 1917 Elegantissime
618 1823 702 1892 ludit
735 1829 770 1891 in
805 1826 1011 1916 ambiguitate
1038 1829 1176 1892 nominis
1210 1829 1344 1918 φαυέου,

336 1939 424 2026 quod
453 1948 486 2004 et
507 1935 643 2002 faculam
672 1937 833 2026 significat
863 1947 895 2003 et
923 1937 1052 2025 puellae
1073 1960 1193 2004 nomen
1216 1949 1277 2019 est,
1306 1948 1343 2004 ut

335 2054 370 2116 in
393 2052 559 2138 superiore
582 2051 730 2114 carmine.
774 2050 883 2115 Versu
904 2051 1002 2116 tertio
1025 2052 1137 2138 scripsi
1158 2061 1343 2137 praeeunte,

335 2185 430 2249 quem
451 2161 631 2227 Seidlerum
654 2182 724 2226 esse
747 2165 901 2248 suspicer,
928 2182 1092 2248 anonymo
1116 2161 1203 2248 apud
1223 2162 1351 2233 Jacob,
1465 2248 1467 2253 .

334 2277 430 2353 sium,
458 2267 631 2360 ἀκρώνυχα
653 2265 768 2338 δισσὸν
789 2294 850 2359 pro
873 2271 1006 2362 vulgato
1037 2269 1341 2362 ἁκρώνυχαδισσοέ.

335 2386 373 2450 ln
393 2385 460 2450 fine
484 2387 629 2449 carminis
645 2384 870 2472 corrigendum
884 2384 1024 2450 videtur:
1047 2374 1074 2448 ὦ
1095 2379 1204 2472 βραχὺ
1219 2388 1343 2474 φέγγος

334 2492 475 2588 λάμφαν
497 2497 559 2586 ἐμῇ
578 2499 665 2581 μέγα
685 2498 750 2583 πῦρ
772 2498 896 2587 φανίου
918 2497 1099 2580 έυκραδέφ,
1121 2517 1256 2582 quorum
1270 2517 1343 2560 ver-

332 2607 448 2674 borum
469 2607 521 2672 hic
543 2627 655 2672 sensus
679 2615 740 2672 est:
770 2606 932 2686 ofacula,
963 2629 1043 2693 quae
1071 2609 1184 2696 exigua
1206 2610 1342 2694 primum

331 2719 386 2804 iux
416 2719 559 2798 extitisti,
587 2738 675 2782 nunc
695 2719 867 2785 vehemens
896 2722 930 2783 in
953 2728 1086 2806 pectore
1108 2721 1202 2806 ignis.
1255 2719 1354 2801 Illud

331 2834 419 2916 μέγα
445 2831 510 2916 πῦρ
540 2809 722 2895 necessario
753 2832 992 2917 oppositionem
1015 2829 1076 2894 sibi
1097 2830 1254 2916 postulat3
1283 2835 1343 2896 ita-

334 2964 396 3029 que
417 2935 526 3031 βραχῦ
547 2943 662 3027 scripsi
683 2963 743 3029 pro
761 2937 858 3029 βαρύ.
895 2943 1001 3028 Atque
1022 2944 1067 3006 ita
1088 2934 1186 3027 piane
1200 2945 1341 3008 carmine

332 3054 479 3139 sequenti
500 3053 600 3118 habes
623 3053 719 3120 Anth.
741 3054 809 3118 Pal.
830 3054 904 3133 XII,
927 3055 980 3119 83.

375 3168 411 3230 ἐκ
432 3165 468 3229 δέ
489 3167 530 3249 με
553 3169 676 3255 φέγγος
697 3163 804 3245 enge·
825 3158 864 3230 τὰ
887 3165 921 3230 δὲ
935 3159 1044 3254 βραχὺ
1058 3166 1183 3255 φονίου
1198 3159 1304 3256 ὤφθη

419 3276 484 3364 πῦρ
508 3274 617 3362 ψυχῆς
628 3300 677 3368 τῃ
697 3273 754 3366 ’μῇ
774 3271 950 3362 καιόμενον
971 3276 1103 3365 κραδίᾳ.

330 3387 399 3454 Ubi
426 3389 564 3452 vicissim
592 3386 634 3453 ad
661 3389 726 3475 πῦρ
756 3388 946 3454 adiectivum
974 3389 1146 3474 requiritur
1178 3386 1263 3474 qued
1292 3387 1341 3471 τῷ

330 3499 448 3588 βραχεῖ
477 3499 587 3587 φανέφ
616 3502 801 3586 oppositum
829 3502 885 3576 sit;
913 3521 975 3564 nec
1002 3498 1115 3565 dubito
1145 3501 1221 3586 quin
1249 3497 1282 3563 id
1304 3500 1340 3562 in

330 3609 440 3697 ψυχῆς
461 3609 566 3676 lateat.
677 3634 686 3651 ‘

574 3833 724 3886 TULLIUS
741 3835 884 3886 LAUREA
901 3834 961 3886 Pal·
973 3834 1039 3903 XII,
1057 3830 1102 3886 Ἃ.

375 3946 422 4015 Et
439 3972 500 4037 μου
515 3942 641 4040 χαρτὸς
663 3942 741 4033 ἐμὸς
763 3950 928 4036 Πολέμων
949 3949 1005 4015 καὶ
1026 3948 1113 4024 σῶος
1134 3942 1284 4023 ἀνέλθοι,

515 4108 523 4127 .
562 4109 571 4128 .
616 4057 686 4138 οἷος
707 4084 731 4126 α
774 4108 783 4126 .
827 4108 836 4125 .
883 4108 890 4125 .
935 4059 1083 4144 κοέρανε,
1105 4051 1323 4142 πεμπόμενος,

1283 4169 1340 4254 ῥέ-
