3016 4808
334 405 364 446 vr
710 390 961 450 PRAEFATIO.

333 539 462 615 lorum
498 553 697 641 poetarum
733 542 894 618 lectione
925 541 1189 641 proficiebam,
1226 554 1330 619 tanto

332 661 450 759 magis
473 662 679 761 intelligere
703 663 797 738 mihi
821 662 982 751 videbar,
1009 664 1121 739 etiam
1146 677 1232 764 post
1254 664 1330 739 lau-

332 781 559 859 datissimam
578 785 737 860 Jacobsii
762 808 919 884 operam
944 785 1106 885 plurima
1123 809 1328 885 superesse,

330 930 429 1015 ¹quae
453 904 512 981 vel
541 908 677 983 rectius
710 905 880 1006 explicari
903 904 963 980 vel
988 904 1036 980 ad
1065 907 1255 982 saniorem
1279 907 1330 982 le·

332 1026 462 1102 ctionis
487 1023 654 1103 formam
679 1027 822 1104 restitui
840 1039 1003 1126 possent.
1040 1029 1174 1125 Neque
1198 1027 1238 1103 id
1260 1011 1329 1102 mi-

330 1173 419 1221 rum
444 1160 514 1237 est3
540 1174 630 1224 nam
648 1149 679 1224 si
695 1150 778 1249 quis
796 1146 897 1250 apud
913 1173 954 1223 se
973 1149 1209 1249 reputaverit,
1234 1163 1329 1249 quot
1347 1207 1350 1212 r

330 1270 555 1370 quantisque
587 1296 677 1347 cum
702 1267 980 1345 difficultatibus
1005 1271 1176 1346 Jacobsio
1207 1271 1246 1346 in
1270 1297 1328 1348 re·

330 1389 580 1490 dintegrando
599 1391 846 1490 Anthologiae
871 1415 1031 1491 corpore
1048 1389 1327 1472 colluctandum

238 1565 239 1570 ,
328 1507 451 1601 fuerit,
475 1524 598 1591 tantae
623 1514 732 1591 mol'n
758 1539 855 1614 opus
874 1516 933 1590 vix
958 1513 1164 1589 coniunctis
1189 1515 1328 1591 multo·

328 1620 417 1708 rum
442 1636 572 1711 studiis
605 1636 653 1712 ad
683 1636 917 1736 probabilem
947 1637 1196 1736 integritatem
1221 1663 1327 1714 revo-

302 1745 303 1750 ’
329 1757 403 1830 cari
434 1781 545 1856 posse
575 1759 762 1856 intelliget
820 1763 925 1857 Ergo
948 1760 988 1834 in
1011 1767 1184 1860 suscepto
1210 1785 1327 1860 opere

328 1873 553 1978 pergebam,¹
568 1893 606 1957 et
630 1907 752 1980 quum
777 1878 880 1955 haud
896 1907 1023 1980 pauca,
1047 1905 1145 1981 quae
1168 1881 1226 1956 alii
1248 1877 1326 1956 fru-

327 2013 402 2075 stra
426 2013 638 2089 tentassent,
663 2026 728 2075 me
751 2001 878 2102 ipsum
903 2027 983 2078 non
1000 1998 1194 2078 infeliciter
1219 2028 1327 2103 expe-

328 2121 409 2199 dire
433 2149 545 2224 posse
569 2124 840 2212 intellexissem,
865 2123 1027 2223 satisque
1052 2124 1176 2225 ampla
1200 2128 1326 2201 obser.

326 2247 522 2321 vationum
546 2246 758 2321 criticarum
781 2269 889 2344 seges
917 2246 1174 2335 succrevisset,
1203 2247 1327 2347 paula·

326 2368 395 2442 tim
426 2370 588 2444 maiores
619 2367 767 2468 spiritus
798 2392 951 2443 sumere
982 2378 1020 2443 et
1050 2365 1099 2443 de
1128 2393 1227 2444 nova
1250 2374 1326 2444 An-

326 2489 514 2587 thologiae
531 2488 752 2564 recensione
770 2488 919 2564 consilia
937 2488 1074 2585 agitare
1098 2513 1209 2563 ausus
1225 2514 1323 2564 sum.

326 2616 376 2686 At
400 2611 502 2686 enim
528 2610 690 2685 incertae
714 2633 775 2684 res
800 2622 890 2684 sunt
913 2609 1133 2684 mortalium
1149 2621 1187 2685 et
1210 2611 1324 2698 „ritae

326 2757 478 2808 summa
494 2731 615 2807 brevis
631 2754 740 2831 spem
756 2755 828 2806 nos
841 2741 940 2807 vetat
950 2729 1129 2806 inchoare
1141 2731 1324 2830 longam.“

326 2854 483 2930 Interim
501 2877 628 2951 neque
639 2851 810 2927 inutilem
826 2870 954 2952 neque
969 2852 1110 2953 priscae
1123 2852 1324 2951 elegantiae

326 2975 553 3050 amatoribus
578 2975 768 3073 ingratum
792 2973 963 3051 laborem
979 3000 1045 3051 me
1060 2975 1248 3074 suscipere
1265 3001 1323 3052 er-

325 3086 490 3184 istimavi,
508 3097 538 3170 si
555 3096 747 3196 specimen
761 3095 913 3196 aliquod
926 3121 1064 3196 operae
1075 3120 1184 3172 meae
1196 3097 1236 3170 in
1248 3102 1323 3172 An-

325 3217 490 3315 thologia
502 3218 642 3318 positae
657 3216 934 3316 ponendaeque
945 3219 985 3292 in
998 3217 1184 3318 publicam
1197 3216 1322 3294 lucem

325 3335 549 3438 proferrem.
580 3337 625 3413 ld
640 3364 731 3415 vero
748 3338 852 3414 haud
868 3339 986 3438 aptius
1003 3337 1097 3413 mihi
1110 3337 1195 3414 fieri
1211 3364 1322 3439 posse

325 3461 534 3548 videbatur,
567 3487 682 3558 quam
714 3462 743 3536 si
775 3462 1002 3537 selectorum
1033 3459 1173 3559 aliquot
1196 3474 1322 3559 poeta-

324 3609 412 3658 rum
445 3583 608 3657 carmina
638 3607 728 3658 meo
761 3583 1013 3681 qualicunque
1042 3579 1167 3656 studio
1193 3606 1322 3657 emen-

283 3713 287 3723 '
325 3703 407 3779 data
434 3717 471 3780 et
494 3705 598 3780 brevi
615 3703 856 3779 adnotatione
871 3703 1046 3779 illustrata
1071 3701 1234 3778 ederem.
1276 3702 1322 3779 Id

324 3827 435 3923 igitur
458 3822 545 3913 seci3
570 3838 700 3925 poetas
716 3836 843 3900 autem
859 3824 971 3922 selegi
990 3824 1230 3925 potissimum
1246 3849 1320 3912 eos,

326 3948 391 4045 qni
416 3946 671 4022 Alexandrinis
696 3946 755 4022 vel
784 3946 936 4043 ingenio
962 3945 1020 4023 vel
1051 3957 1168 4022 aetate
1198 3958 1322 4022 essent

324 4093 517 4168 suppares,
550 4093 629 4142 nou
657 4093 791 4142 omnes
818 4079 960 4156 tamen,
992 4066 1058 4145 sed
1088 4068 1153 4167 qui
1178 4068 1322 4165 elegan-

1481 889 1490 930 t

1480 2217 1490 2280 l
