3026 4816
340 455 377 508 94
609 446 867 506 ADNOTATIO
892 447 1077 507 CRITICA.

341 601 432 689 Eleg.
456 601 485 678 Ι,
507 601 548 665 31
577 601 763 687 μυλακρέδα
791 600 879 666 λᾶαν
906 595 1022 680 ἐνήσει.
1074 601 1203 667 Sirenes
1232 605 1266 667 in
1294 625 1344 668 se

340 711 455 800 pulcro
476 713 598 798 positas
620 711 772 777 habemus
794 714 870 776 item
892 711 976 798 apud
992 712 1144 777 Erinnam
1164 713 1259 778 Anth.
1274 712 1342 778 Pal.

341 825 413 904 VH,
435 827 509 891 710.
554 820 622 887 cfr.
645 824 756 909 Eurip.
779 822 850 888 Hel.
875 825 948 890 169.

429 934 545 999 XVIII.
579 935 636 1000 Vs.
653 936 674 999 4
697 955 764 999 non
785 944 849 1000 tam
870 938 904 1000 in
926 939 1063 1022 repetito
1078 937 1249 1022 κεκλιμένα
1270 919 1344 1003 hae

341 1069 409 1127 reo,
430 1068 523 1133 quam
545 1048 579 1109 in
600 1047 678 1111 mira
700 1044 842 1111 dictione
862 1042 994 1112 κωκύειν
1015 1051 1051 1110 ἐκ
1071 1048 1227 1138 κεφαλαῖς,
1249 1070 1343 1134 quam

341 1181 409 1226 non
429 1167 517 1224 reete
537 1156 708 1222 Jacobsius
731 1167 895 1244 comparat
915 1179 986 1222 oum
1006 1158 1135 1223 Homer.
1158 1157 1194 1222 ll.
1211 1139 1262 1240 16,
1276 1162 1343 1226 584

346 1271 463 1358 Τρῶας
491 1268 525 1333 δὲ
554 1268 768 1355 κατακρῆθεν
796 1263 878 1354 λάβε
898 1268 1035 1346 πένθος.
1087 1270 1176 1334 Fort.
1203 1271 1344 1337 scriben-

340 1380 430 1448 dum:
452 1381 622 1463 κεκλιμένα
642 1374 799 1445 κωκύεται
819 1375 978 1470 κεφαλᾶν.
1020 1379 1133 1446 Medio
1154 1376 1343 1447 κωκύεσθαι

340 1513 416 1557 usus
446 1500 494 1556 est
515 1489 652 1556 Alcaeus
680 1491 778 1556 Anth.
799 1491 867 1556 Pal.
889 1491 968 1572 Vll,
990 1493 1068 1556 412:
1096 1487 1190 1556 πᾶσα
1218 1513 1273 1558 σοι
1294 1498 1344 1559 ol-

338 1607 473 1688 χομένα,
495 1597 647 1681 Πυλάδη,
669 1597 825 1667 κωκύεται
842 1598 967 1679 Ἑλλάς.
1001 1601 1067 1668 Sed
1088 1623 1149 1667 neo
1170 1604 1233 1668 hoe
1247 1603 1342 1669 valde

340 1715 455 1802 placet.
495 1711 582 1777 Vide
605 1715 703 1801 igitur
725 1735 766 1778 an
788 1713 885 1778 fuerit
905 1708 1019 1779 κωκύει
1040 1713 1231 1805 έκζαφελκῦς,
1253 1714 1343 1801 quod

341 1825 381 1891 de
409 1825 589 1889 vehementi
616 1824 844 1889 lamentatione
873 1833 961 1889 recte
991 1823 1053 1890 dici
1080 1847 1178 1912 posse
1205 1825 1341 1891 videtur.

338 1933 559 2025 Ἐπιζαιχελῶς
576 1937 787 2022 χαλεπαίνειν
808 1934 887 2000 dixit
908 1936 1078 2002 Homerus.
1116 1936 1213 2023 Apud
1227 1938 1344 2002 Nican-

341 2046 432 2114 drum
454 2045 545 2113 Alex.
568 2049 634 2114 569
655 2041 797 2138 ζάφελας
819 2049 902 2135 iguis
925 2049 1091 2134 epitheton
1112 2058 1170 2114 est.

602 2363 768 2423 Nosne
789 2362 1076 2422 moenitum.
1195 2369 1198 2376 '

428 2496 451 2560 l.
496 2495 555 2559 Vs.
577 2495 596 2558 l
621 2492 693 2558 cod.
715 2491 782 2558 Pal.
805 2485 848 2557 rol
870 2489 899 2558 δ’
925 2485 1033 2576 ὄλβια.
1075 2492 1224 2559 Correxit
1245 2494 1344 2559 Bent

339 2605 437 2685 leius,
466 2608 521 2692 qui
542 2607 631 2671 vs.3
660 2601 791 2670 tenebat
812 2597 875 2669 τάν
903 2600 932 2668 δ’
959 2602 981 2668 ἁ
1008 2599 1151 2690 Κύπρις,
1178 2607 1343 2670 immemor

340 2716 527 2783 Callimachi
548 2717 656 2804 Epigr.
672 2717 776 2794 XX‚2
800 2712 874 2782 οὐδὲ
895 2711 1043 2799 κελεύθῳ
1063 2718 1168 2806 χαίρω
1190 2718 1240 2793 τίς
1260 2717 1343 2783 πολ-

339 2823 416 2905 λοὺς
430 2819 491 2892 ὦδε
506 2829 562 2893 καὶ
578 2817 640 2892 ὦδε
656 2834 756 2918 φέρει.
785 2827 888 2893 Mirus
903 2848 980 2892 sane
996 2828 1047 2892 hio
1057 2850 1133 2892 usus
1143 2831 1342 2914 pronominis

339 2941 389 3017 τίς
410 2960 471 3026 pro
495 2934 592 3016 ὅστις,
616 2937 673 3004 sed
688 2937 912 3004 Alexandrinis
934 2942 1039 3026 poetis
1060 2949 1151 3004 tanto
1166 2942 1269 3005 minus
1284 2943 1344 3005 eri-

339 3050 484 3138 piendus,
506 3071 602 3136 quum
621 3052 715 3114 etiam
730 3051 831 3115 Attici
847 3071 914 3116 non
930 3072 1062 3137 prorsus
1078 3050 1203 3138 quidem
1219 3051 1343 3131 eodem,

340 3172 374 3227 at
394 3160 488 3227 simili
511 3170 616 3226 tamen
638 3160 735 3226 modo
751 3166 943 3248 pronomine
958 3161 1016 3227 illo
1031 3164 1082 3227 nsi
1098 3184 1168 3228 esse
1181 3165 1343 3250 reperian-

340 3284 406 3352 tur,
427 3272 515 3338 velut
536 3272 708 3359 Euripides
730 3273 860 3338 Phaeth.
879 3274 919 3354 11,
940 3276 962 3339 2
985 3274 1080 3339 αλτοῦ
1100 3275 1134 3338 τέ
1152 3268 1277 3364 χρῄζεις
1294 3277 1343 3353 έν,

340 3396 374 3451 et
394 3388 428 3450 in
452 3382 600 3470 exemplis
624 3385 811 3469 quibusdam
826 3407 937 3451 eorum
953 3407 1035 3471 quae
1050 3384 1184 3474 collegit
1206 3385 1247 3452 G.
1262 3385 1344 3450 Din-

339 3496 462 3562 dorfius
485 3494 526 3560 ad
547 3496 716 3582 Sophoclis
738 3497 824 3564 Oed.
849 3500 888 3564 T.
907 3500 1001 3563 1140.
1036 3495 1105 3562 Cfr.
1121 3496 1229 3562 Strato
1244 3495 1341 3562 Anth.

233 3601 237 3610 ⁴
341 3607 406 3673 Pal.
429 3608 497 3685 XII,
520 3609 585 3671 219
608 3607 805 3692 λαμβανέτω
827 3612 860 3674 τί
881 3611 975 3675 θέλει
997 3612 1018 3674 i.
1042 3629 1069 3673 e.
1093 3603 1113 3674 ὅ
1134 3631 1175 3673 τι.
1214 3607 1342 3674 Titulus

340 3719 425 3806 apud
447 3717 589 3783 Boeolxh.
613 3716 652 3784 C.
676 3718 700 3783 l.
722 3719 788 3785 vol.
804 3720 842 3799 11,
865 3745 897 3808 p.
913 3724 954 3788 57
975 3730 1071 3810 χαῖρε
1093 3721 1150 3785 καὶ
1171 3713 1213 3786 od
1233 3713 1343 3786 πολλα

338 3833 388 3906 τίς
415 3825 483 3894 ποτ’
510 3826 547 3894 εἶ.
596 3829 686 3895 Nihil
707 3832 771 3924 hoc
791 3854 854 3897 usu
876 3832 1072 3919 frequentius
1101 3829 1188 3919 apud
1210 3832 1344 3917 scripto-

338 3963 389 4007 res
414 3942 456 4006 N.
480 3942 518 4005 T.
547 3963 680 4029 quorum
707 3941 799 4008 locos
827 3943 980 4009 indicavit
1007 3943 1084 4008 mihi
1111 3943 1342 4007 Lachmannus.

338 4055 415 4120 Luc.
439 4056 494 4134 ll,
519 4055 560 4117 ll
588 4056 664 4119 τίνα
694 4054 728 4120 δὲ
756 4053 791 4135 ἐξ
818 4052 910 4141 ὑμῶν
937 4048 997 4121 τὸν
1023 4058 1152 4144 πατέρα
1173 4049 1300 4136 αλτήσιι
1320 4051 1342 4138 Ιὁ
