3026 4816
537 477 829 530 ΔΙΟΣΚΟΗΔΟΥ

181 629 238 694 καὶ
259 620 523 713 περιδινήσασθε
545 627 675 716 μακρῆς
697 623 901 712 ἀνελίγματα
920 628 1039 711 χαίτης

225 737 443 826 Στρυμονίην
465 730 586 828 ἀίφετοι
609 732 750 814 θυιάδες
772 732 861 826 ἀμφὶ
882 731 988 816 πόλιν,

139 861 142 866 “
180 844 204 929 ἡ
225 841 365 936 γλυκερά
386 842 591 925 πνεύσαντος
612 844 661 938 ἐφ’
686 844 854 936 ὑμετέροις
879 843 1059 928 ἀλαλητοῖς

224 954 366 1027 πολλάκι
387 952 471 1047 πρὸς
491 952 660 1044 μαλακοὺς
682 955 773 1025 τοῦδ’
800 953 927 1047 έχόρευε
952 952 1083 1044 νόμους.

603 1099 766 1164 XXXVII.

184 1207 326 1294 Μήποτε
347 1210 563 1300 γαστροβαρῆ
584 1203 668 1299 πρὸς
689 1204 751 1276 σδν
772 1211 865 1296 λέχος
886 1206 1139 1299 ἀντιπρόσωπον
1189 1267 1193 1282 ,

225 1316 414 1406 παιδογόνον
435 1323 545 1412 κλίνης
564 1314 710 1410 Κύπριδι
730 1317 947 1412 τερπόμενος·

181 1427 330 1520 μεσσόθι
349 1426 413 1520 γάρ
435 1436 522 1517 μέγα
541 1433 638 1517 κῦμα,
659 1433 715 1497 καὶ
738 1429 796 1496 οὐκ
819 1429 930 1519 ὀλίγος
951 1430 1054 1512 πόνος
1074 1436 1174 1513 ἔσται,

226 1545 286 1625 τῆς
306 1546 367 1629 μέν
389 1546 604 1630 έρεσσομένης
629 1544 691 1609 σοῦ
712 1543 747 1608 δὲ
770 1546 1006 1631 σαλευομένου·

183 1649 269 1722 ἀλλά
291 1655 370 1743 πρὶν
391 1657 538 1743 στρέψας
559 1653 721 1741 ῥοδοειδέϊ
741 1658 856 1744 τέρπεο
878 1657 972 1746 πυγῇ,

226 1760 288 1847 την
310 1758 434 1851 ἀλοχον
455 1766 596 1850 νομίσας
617 1762 843 1853 ἀροενόπαιδα
865 1763 1005 1853 Κύπριν.

594 1906 771 1972 XXXVIII.

184 2014 316 2103 Δωρίδα
336 2006 398 2094 τὴν
420 2009 607 2100 ῥοδόπυγον
632 2013 711 2103 ὑπὲρ
734 2019 852 2104 λεχέων
868 2018 1039 2112 διατείνας

229 2119 371 2192 ἄνθεσιν
392 2129 429 2191 έν
446 2126 597 2213 χλοεροῖς
617 2124 796 2206 ἀθάνατος
816 2133 946 2214 γέγονα.

183 2233 292 2326 ἡγάρ
312 2234 530 2326 ὑπερφυέεσσι
551 2241 654 2323 μέσον
676 2235 824 2326 διαβάσά
845 2263 886 2326 με
907 2242 1030 2306 ποσσίν

227 2343 326 2431 ἤνυεν
348 2344 503 2426 ἀκλινέως
524 2343 584 2415 τὸν
608 2346 774 2436 Κύπριδος
796 2347 937 2438 δόλιχον,

185 2455 313 2548 όμμασι
332 2453 454 2548 νωθρά
475 2459 660 2544 βλέπουσα·
681 2455 724 2527 τά
747 2461 777 2527 δ’
798 2457 875 2543 ἠύτε
896 2457 1056 2548 πνεύματι
1078 2458 1189 2554 φύλλα

229 2569 536 2662 ἀμφισαλευομένης
561 2573 671 2658 ίτρεμε
692 2568 874 2664 πορφύρεα,

184 2688 296 2772 μέχρις
317 2679 529 2762 ἀπεσπείσθη
551 2678 665 2750 λευκὸν
686 2689 784 2769 μένος
806 2682 1052 2775 ἀμφοτέροισιν,

227 2796 284 2861 καί
304 2793 410 2883 Δωρὶς
430 2797 584 2882 παρέτοις
606 2789 746 2880 ἐξεχύθη
767 2798 906 2881 μέλεσιν.

408 2981 413 2988 .
617 2918 758 2984 XXXIX.

182 3027 347 3116 Ἐκμαίνει
364 3027 458 3114 χείλη
480 3051 521 3114 με
543 3024 708 3118 ῥοδόχροα
730 3027 966 3118 ποικιλόμυθα,
1066 3065 1071 3077 x

227 3139 402 3228 φυχοτακῆ
423 3134 588 3225 στόματος
609 3147 783 3230 νεκταρέου
804 3137 972 3231 πρόθυρα,

186 3254 243 3319 καὶ
264 3251 384 3337 γλῆναι
405 3251 573 3325 λασίοισιν
593 3248 643 3317 ὑπ’
671 3249 812 3344 ὀφρύσιν
834 3249 1091 3342 ἀστράπτουσαι,

229 3357 424 3448 σπλάγχνων
445 3359 610 3452 ἡμετέρων
631 3364 744 3430 δίκτυα
766 3365 823 3430 καὶ
843 3366 987 3450 παγίδος,

185 3476 241 3540 καὶ
261 3472 360 3560 μαζοὶ
381 3469 573 3559 γλαγόεντες
594 3470 720 3561 ὲύζυγες
741 3471 923 3566 ἱμερόεντες

229 3583 374 3676 εὐφυέες,
395 3580 505 3666 πάσης
525 3581 733 3673 τερπνότεροι
753 3582 901 3664 κάλυκος.

187 3690 272 3763 ἀλλά
293 3698 326 3762 τί
346 3691 459 3782 μηνύω
481 3699 574 3763 κυσὶν
596 3695 711 3779 ὀστέα,·
733 3693 895 3786 μάρτυρές
917 3704 998 3764 εἰσιν

229 3809 288 3888 τῆς
308 3804 560 3896 ἀθυροστομίης
582 3813 614 3874 οἱ
638 3808 760 3874 Μίδεοι
781 3804 933 3894 κάλαμοι.

255 3997 303 4057 Vs.
316 4001 333 4056 4
348 3999 510 4077 Ἀμφίπολιν
529 3999 607 4059 VM)
627 4002 786 4074 ὑμετέροισιν
804 4000 936 4066 ἀδείπνοις
955 4001 1001 4059 Vs.
1015 4005 1033 4056 6
1051 3999 1141 4056 τούσδ’
1156 4033 1187 4042 -

186 4083 323 4227 ξΧῇἰἮΙ.
342 4085 398 4143 Pal.
412 4086 446 4155 V,
464 4091 507 4144 54.
526 4116 560 4129 -
584 4084 734 4143 XXXVIII.
753 4084 809 4142 ΡεΙ.
823 4085 856 4156 V,
875 4093 916 4145 55.
936 4120 968 4131 -
989 4085 1114 4144 XXXIX.
1133 4084 1188 4141 Pal.
