3026 4816
446 444 708 506 audouario
732 445 920 507 Clll'l'lCA.
1137 453 1189 508 135

180 622 199 664 a
225 598 350 676 Φίλλις,
373 597 461 685 quod
482 619 601 667 nomen
623 619 692 665 non
714 609 801 665 recte
827 599 945 677 Φιίλίς
966 601 1118 688 scriptum
1140 613 1189 668 est

179 713 214 775 in
243 711 344 799 epigr.
367 710 485 775 Persae
508 709 605 776 Antb.
628 709 696 775 Pal.
719 711 798 790 Vll,
821 713 896 778 501.
941 712 1052 800 ltaque
1073 715 1108 780 in
1128 735 1188 781 no-

181 831 249 888 stro
277 819 353 886 loco
380 815 527 899 Φιλλιύς
556 821 760 888 scribendum
781 821 925 905 videtur,
952 824 1040 911 quod
1061 846 1188 905 nomen,

180 943 216 998 ut
235 931 335 1000 multa
357 931 419 998 alia
441 932 572 1000 heroica
593 937 732 1014 nomina,
754 935 789 1002 in
802 937 907 1012 vitam,
921 956 1119 1004 communem
1134 937 1187 1003 ab·

179 1045 254 1110 iisse
277 1042 374 1110 docet
395 1045 530 1112 Pausan.
552 1046 610 1124 lv,
636 1046 686 1112 13.

266 1154 368 1222 XCV.
405 1157 464 1223 Vs.
485 1159 508 1224 3
537 1157 685 1223 nonnihil
708 1157 898 1224 offensionis
920 1155 1017 1224 babet
1038 1159 1126 1246 quod
1149 1181 1187 1226 cx

177 1265 333 1332 Bnmckii
355 1271 540 1334 coniectura
562 1269 681 1334 editum
705 1279 753 1334 est
775 1265 794 1334 ὁ
812 1271 870 1336 καὶ
883 1273 1004 1336 τοκέων
1016 1265 1186 1354 καταβαί-

178 1376 248 1459 ξας.
301 1378 406 1444 Valde
437 1383 521 1446 enim
547 1381 623 1446 mibi
648 1389 798 1468 suspecta
828 1390 877 1446 est
905 1380 1065 1467 bisyllaba
1093 1381 1186 1448 verbi

176 1485 289 1575 βαΰζω
317 1490 436 1571 forma,
465 1494 554 1558 cuius
583 1491 672 1579 quod
701 1492 878 1580 exemplum
907 1492 1053 1558 affertur·
1067 1515 1105 1559 ex
1126 1493 1186 1560 So·

178 1602 303 1688 phrone
332 1601 419 1691 apud
449 1605 591 1670 Tuetzen
619 1603 661 1669 ad
689 1604 852 1692 Lycopbr.
883 1605 923 1672 77
960 1600 978 1670 ὁ
1007 1598 1073 1694 γαρ
1100 1598 1186 1672 κύων

176 1708 305 1798 βαύξας
326 1708 394 1780 λύει
417 1709 458 1782 τὰ
481 1710 652 1806 φάρμακα,
675 1735 716 1782 eo
738 1715 818 1780 nihil
841 1715 988 1782 efficitur.
1032 1715 1185 1804 Sophron

178 1827 276 1904 enim,
306 1828 361 1913 qui
389 1825 487 1894 nullis
515 1850 593 1894 usus
620 1836 669 1893 est
695 1826 838 1894 iambicis
868 1829 1032 1908 trimetris,
1058 1831 1186 1916 scripsit

176 1932 318 2022 βαΰξας,
348 1946 384 2002 ut
405 1949 492 2005 recte
513 1938 633 2004 babent
654 1938 743 2005 editt.
766 1949 843 2006 vett
894 1937 1002 2028 Atque
1023 1943 1068 2005 ita
1090 1942 1185 2006 etiam

177 2047 263 2136 apud
278 2049 474 2136 Hesychium
488 2050 702 2131 scribendum,
720 2051 778 2116 ubi
792 2072 879 2116 nune
893 2050 1006 2132 editur,
1028 2047 1185 2133 Βαύζειιιι

175 2158 336 2228 ὑλακτεῖν.
381 2162 418 2228 ln
440 2163 606 2229 Leonidae
627 2161 703 2228 loco
728 2161 800 2231 cod.
823 2163 921 2231 babet
942 2160 961 2230 ὁ
983 2165 1041 2229 καὶ
1063 2167 1185 2230 τοκέων

177 2267 364 2357 είαβαΰξας,
386 2277 421 2340 in
444 2297 507 2363 quo
529 2276 605 2342 vide
627 2297 668 2340 an
690 2274 788 2341 lateat
802 2272 821 2342 ὁ
835 2277 893 2342 καὶ
906 2272 992 2342 τοκί’
1007 2267 1086 2340 αίιιὰ
1099 2270 1184 2359 βαΰ-

176 2382 244 2465 ξας,
268 2387 335 2471 qui
357 2385 423 2452 vel
445 2391 552 2474 patri
573 2387 795 2454 maledixit.

265 2496 381 2564 XCVI.
420 2499 515 2564 Vsu
538 2501 753 2585 ὲμβατίονιες
772 2497 1093 2586 explicatdecobsius
1117 2501 1183 2584 qui

178 2629 274 2674 oves
297 2608 344 2676 ad
366 2631 515 2697 pascua
537 2609 733 2678 ducentes
755 2614 795 2676 in
816 2607 1034 2677 boscolles
1058 2613 1183 2699 erigi-

177 2722 241 2785 tis.
284 2720 329 2786 At
350 2721 482 2788 verbum
504 2723 660 2807 ίμβατιῖν
681 2744 748 2788 non
773 2722 872 2788 babet
893 2725 957 2787 vim
979 2723 1182 2791 transitivam.

177 2833 247 2898 Nec
281 2831 323 2898 de
357 2833 540 2920 pastoribus
570 2856 647 2900 oves
683 2832 868 2900 ineuntibus
902 2836 1037 2922 cogitari
1067 2843 1183 2920 potest,

178 2942 266 3030 quod
294 2965 356 3009 nec
382 2967 434 3010 res
463 2948 532 3033 ipsa
562 2949 682 3033 patitur
710 2941 906 3033 (αἰγιβιίτας
931 2947 1014 3010 enim
1037 2955 1183 3032 pastores

178 3056 281 3142 probe
302 3059 464 3136 novimus,
487 3053 646 3141 οὶοβιίτας
668 3079 735 3123 non
756 3062 862 3140 item),
884 3070 917 3123 et
938 3056 979 3123 ab
1001 3058 1094 3124 buius
1117 3081 1183 3123 car-

177 3170 270 3233 minis
291 3166 402 3233 indole
424 3190 556 3255 prorsus
579 3168 739 3235 abhorret.
792 3171 912 3257 Scripsi
933 3172 1031 3258 igitur
1052 3167 1183 3255 ιύβοτί-

178 3302 277 3359 οντες,
299 3290 526 3366 pascentes.
560 3281 637 3367 Quo
653 3283 763 3361 verbo,
785 3303 972 3369 quamquam
993 3303 1089 3348 sensu
1106 3304 1183 3369 pau-

177 3391 242 3458 lum
265 3390 405 3471 diverso,
425 3415 501 3459 usus
524 3404 572 3459 est
589 3394 704 3460 Strabo
719 3395 771 3474 XL
788 3417 821 3481 p.
838 3395 913 3474 500,
934 3393 990 3459 ubi
1012 3392 1111 3459 habes
1125 3417 1183 3459 ιιι-

177 3504 233 3570 δία
256 3499 487 3590 εὐβοτούμενα.

264 3613 377 3681 XCIX.
412 3615 497 3683 Cod.
520 3619 581 3684 τοῦ
602 3614 712 3685 αὐτοῦ.
747 3617 914 3683 Praecedit
934 3616 1100 3683 Leonidae
1123 3637 1183 3682 no·

177 3729 233 3790 stri
263 3729 361 3815 epigr.
390 3728 528 3793 LXXXI.
580 3730 668 3794 luter
692 3729 859 3795 Leonidae
881 3728 1089 3795 Alexandrini
1118 3730 1182 3814 epi-

177 3968 292 4041 Κιὶιίμοιι
310 3971 415 4025 Ausoba
432 3976 607 4043 μετακομίσαι
625 3967 694 4025 mulcti
709 3969 760 4035 (τὰ
778 3969 933 4044 γράμματα)
952 3976 1044 4044 φασίν,
1064 3967 1183 4040 seriben-

177 4052 240 4110 dum
258 4059 303 4110 sal
320 4059 408 4132 Φίλλις
426 4053 556 4126 odiliam,
575 4056 651 4112 cuius
669 4055 782 4131 scriptio
801 4059 861 4129 περὶ
876 4057 975 4130 χρόνων
993 4052 1101 4113 aliunde
1117 4050 1182 4110 mibi

178 4138 286 4216 quidem
304 4159 359 4196 non
377 4141 500 4197 innotuit.
759 4151 760 4155 ’
