3028 4826
522 464 838 526 conlocutum.
1128 470 1180 526 217

183 616 281 696 chon,
309 620 344 682 in
365 637 430 703 quo
452 637 521 682 non
540 618 712 683 haeserunt
738 620 941 704 interpretes,
969 638 1032 706 ego
1055 617 1182 705 quidem

181 729 257 792 mihi
279 727 534 794 obscurissimum
556 750 627 794 esse
648 751 715 794 non
730 727 886 804 diffiteor;'
908 727 999 802 nullo
1022 733 1106 795 enirn
1127 755 1182 817 pa-

183 849 236 905 cto
259 838 454 929 intelligitur,
478 861 542 926 quo
565 843 635 906 iure
657 840 753 906 ardea
776 839 879 928 algam
897 851 930 906 et
948 842 1093 922 conchae,
1116 847 1182 929 qui-

182 951 242 1017 bus
266 951 455 1040 colligendis
483 951 539 1016 illa
560 951 706 1017 hostibus
728 954 810 1016 viam
841 953 1071 1041 expugnandae
1093 954 1181 1046 urbis

183 1073 426 1142 monstraverat,
456 1066 562 1152 gravis
583 1062 738 1128 mercedis
765 1061 841 1128 loco
865 1063 905 1128 ab
929 1065 1072 1134 hostibus
1094 1088 1183 1132 acce-

182 1178 268 1262 pisse
290 1148 353 1239 dici
374 1179 485 1262 possit.
530 1177 579 1241 Ex
599 1196 671 1239 mea
692 1178 850 1240 sententia
873 1185 970 1263 poeta
991 1177 1055 1242 hoc
1076 1177 1182 1242 dicere

183 1285 306 1352 debuit:
330 1286 448 1373 abigite
469 1287 628 1355 infelicem
649 1307 748 1366 avem,
771 1309 853 1373 quae
876 1287 1006 1351 conchis
1030 1286 1183 1376 colligen-

183 1397 232 1463 dis
260 1400 432 1485 perniciem
462 1397 556 1462 nobis
585 1395 700 1462 attulit.
756 1399 868 1486 Itaque
896 1401 1049 1487 suspicari
1077 1403 1181 1486 possis

182 1509 293 1574 ultimo
316 1531 412 1574 versu
439 1507 640 1574 scribendum
669 1530 739 1574 esse
767 1511 938 1591 ἔκδηλον
966 1505 1102 1596 κόχλους
1125 1513 1182 1576 καὶ

181 1615 293 1705 βρύον.
327 1620 379 1684 De
394 1619 494 1686 verbo
509 1619 589 1700 ὸηΐιο
604 1644 635 1684 v.
650 1643 745 1709 supra
761 1644 792 1708 p.
809 1624 883 1688 132.
916 1621 981 1688 Sed
997 1631 1102 1688 cetera
1117 1645 1181 1711 quo
1244 1695 1245 1698 Ἴ

181 1730 279 1796 modo
302 1732 377 1796 huic
398 1735 579 1821 sententiae
590 1736 691 1820 aptari
705 1736 831 1821 possint
851 1755 919 1800 non
935 1733 1098 1824 intelligo:
1120 1738 1182 1800 nisi
1303 1801 1310 1814 ,

182 1842 267 1907 forte
295 1865 357 1930 pro
384 1837 513 1928 μισθόν
541 1843 744 1909 scribendum
767 1856 816 1911 est
835 1840 985 1932 μόχθον,
1013 1848 1048 1911 in
1075 1839 1191 1934 ἤρατο

183 1964 287 2019 autern
308 1954 439 2020 verbum
460 1953 560 2019 latere
584 1955 679 2036 dicas,
704 1956 792 2043 quod
813 1956 983 2044 parandi
1004 1956 1057 2023 vel
1080 1958 1182 2022 alfe-

182 2065 299 2131 rendi
320 2065 585 2156 significationem
606 2067 729 2133 habeat.

422 2365 543 2418 JUHUS
560 2364 712 2418 Dlocmls
731 2367 789 2418 Pal.
802 2365 857 2434 lx,
876 2361 937 2417 109.
1191 2443 1193 2446 .

232 2473 298 2543 Οὐκ
320 2472 382 2544 οἶδ’
402 2479 464 2544 alca
486 2474 588 2556 σάκος
608 2463 746 2567 λέξαιμλ
758 2500 808 2558 σο,
829 2473 891 2560 τὴν
912 2481 966 2545 ἐπὶ
986 2476 1127 2557 πολλούς

270 2585 469 2666 ἀντιπάλους
489 2583 609 2671 πιστὴν
630 2586 801 2677 σύμμαχον
823 2585 1023 2677 ὡπλισάμην,

227 2698 289 2766 εἴτε
310 2702 345 2767 δὲ
367 2695 468 2786 βαιὸν
489 2703 563 2786 ἐμοὶ
583 2696 709 2768 πόντον
729 2696 865 2791 σκάφος,
887 2696 909 2782 ἥ
930 2698 965 2788 μ’
981 2696 1048 2769 άιιὸ
1068 2699 1149 2784 νηός
1255 2759 1256 2762 ,

271 2809 451 2898 ὀλλυμένας
471 2809 612 2899 κόμισας
632 2807 753 2894 νηκτόν
774 2808 823 2879 ’λα’
842 2809 968 2894 ἠϊόνας.

182 2959 289 3024 Versu
303 2963 407 3046 primo
421 2980 482 3047 pro
495 2957 622 3044 λέξαιμι
633 2963 868 3026 coniunctivum
878 2964 1016 3048 requiro,
1029 2959 1083 3025 vel
1095 2969 1180 3025 certe

182 3071 331 3137 futurum.
365 3072 556 3159 Suspicabar
576 3069 656 3150 λέξω
676 3073 710 3138 τί
724 3093 769 3150 σε,·
792 3095 978 3159 quamquam
992 3070 1088 3136 video
1105 3071 1182 3159 quid

183 3182 310 3248 obverti
336 3185 448 3271 possit.
497 3184 604 3248 Versu
630 3185 727 3248 tertio
755 3205 822 3250 non
851 3184 1057 3250 offenderunt
1081 3187 1183 3250 critici
1267 3180 1270 3188 ’

182 3295 216 3358 in
238 3293 344 3359 verbis
366 3292 427 3360 ελσε
450 3295 484 3360 δὲ
505 3287 605 3379 βαιὸν
627 3296 701 3381 ἐμοὶ
720 3289 844 3363 πόντον
865 3291 1002 3388 σκάφος,
1024 3318 1105 3382 quae
1127 3317 1182 3362 ne-

183 3407 250 3469 scio
280 3427 321 3470 an
348 3409 392 3471 ita
420 3409 529 3493 potius
556 3405 724 3472 scribenda
749 3410 813 3472 sint
840 3404 902 3473 εἴτε
930 3428 966 3473 σε
993 3401 1093 3491 βαιὸν
1119 3407 1182 3496 ἐρῶ

182 3511 306 3582 πόντον
328 3512 469 3606 σκάφος,
491 3517 545 3582 vel
572 3516 634 3584 elce
655 3519 794 3604 βέβαιον
815 3518 878 3605 ἐρῶ
898 3512 1021 3584 πόντον
1043 3513 1180 3608 σκάφος.

183 3627 221 3690 Iu
248 3621 372 3693 πόντον
393 3625 523 3718 σκάφος
549 3651 591 3694 ne
613 3633 683 3716 quis
704 3632 846 3711 haereat,
866 3629 989 3698 veodem
1013 3629 1113 3695 modo
1133 3629 1182 3696 lo-

184 3747 299 3824 quutus
322 3749 370 3805 est
391 3748 491 3826 poeta
510 3743 640 3828 ignotus
661 3743 757 3808 Anth.
780 3743 847 3810 Pal.
861 3743 913 3823 lx,
926 3745 969 3810 31
993 3738 1101 3808 αλσιον
1123 3738 1182 3808 οὐκ

155 3895 157 3899 -
184 3849 300 3934 ἔσομαι
320 3846 445 3918 πόντον
466 3846 604 3943 σκάφος.

583 4037 782 4050 m
