3028 4826
509 451 830 514 CONIECTANEA.
1063 495 1065 500 .
1121 455 1170 510 177

209 601 322 694 ῥέξειν,
344 601 403 670 οὐκ
425 599 589 696 ἀπόφημι,
610 600 671 672 τόν
693 598 890 694 ὐρόροβόην
910 597 1003 691 παρά
1024 603 1150 689 βωμοῖς

255 709 347 805 όρννν
368 720 404 782 έν
427 712 584 802 εὐχωλαῖς
605 712 804 803 ὡμολόγησα
825 721 920 793 τεοῖς.

211 833 239 894 εί
260 829 296 894 δέ
317 851 350 893 τι
370 830 436 893 τῶν
458 821 563 894 όντων
584 823 657 894 τότε
681 831 712 894 οὶ
734 827 835 893 πλέον
855 819 879 907 ἢ
900 828 957 894 καὶ
978 828 1119 895 ἔλασσον

255 939 354 1004 έλόοι
374 939 469 1024 έχων,
492 939 622 1005 λέλυται
643 931 767 1025 τούμόν
788 936 993 1024 ὐποσχέσιον.

210 1038 300 1132 ἦλθε
322 1049 358 1116 δέ
380 1041 441 1115 σύν
460 1045 606 1135 πόχωνι·
628 1043 667 1116 τό
690 1046 720 1116 δ’
740 1054 767 1115 εί
789 1051 889 1140 φίλον
910 1043 1010 1127 αὐτός
1030 1051 1137 1134 ἐαυτῷ

256 1155 387 1242 εὐξατο,
409 1153 472 1241 τὴν
493 1161 621 1242 θυσίην
640 1162 769 1250 πρᾶσσε
790 1155 850 1227 τόν
871 1156 1056 1246 εὐξάμενον.

167 1298 311 1377 Lacuna,
341 1318 434 1383 quam
462 1295 516 1361 alii
545 1295 638 1362 aliter
658 1317 825 1362 removere
851 1299 1067 1376 comosum,
1095 1297 1171 1361 mihi

169 1407 423 1474 commodissime
451 1411 498 1473 ita
526 1407 646 1495 expleri
671 1430 769 1495 posse
789 1407 918 1473 videtur
943 1416 980 1473 ut
1001 1407 1169 1474 scribatur:

168 1515 294 1586 τοιόσδ’
313 1515 383 1597 οἶος
404 1511 459 1608 ἀρ’
477 1509 528 1600 ἦν,
550 1521 691 1608 κοίρανε,
711 1514 928 1604 πεμπόμενος.
973 1518 1041 1586 cfr.
1065 1521 1171 1586 Theo-

170 1629 357 1717 crit.1dyll.
380 1633 439 1710 22,
462 1633 505 1696 59
532 1624 657 1696 τοιόσδ’
684 1627 756 1696 οἷον
778 1627 869 1717 ὁρᾷς.
914 1632 1012 1696 Vsd
1035 1631 1107 1696 cod.
1131 1625 1171 1697 ὃν

171 1739 326 1828 εὐχωλαῖς
348 1736 547 1827 ὡμολόγησα
568 1749 665 1820 τεαῖς,
688 1741 776 1827 quod
796 1744 906 1808 nescio
928 1763 970 1807 an
989 1740 1099 1827 paullo
1122 1765 1172 1806 ca·

170 1852 267 1918 lidius
288 1852 458 1918 Jacobsius
480 1852 667 1918 Schneideri
694 1856 908 1919 coniecturam
933 1863 1084 1940 sequutus
1106 1877 1172 1919 mu-

170 1967 293 2029 taverit.
337 1965 452 2051 Neque
476 1965 606 2053 elegans
629 1976 678 2030 est
698 1964 781 2030 illud
803 1961 861 2032 οὐκ
883 1959 1040 2055 ἀπόφημι
1060 1987 1172 2052 paren-

172 2077 290 2140 thetice
312 2077 546 2164 interpositum,
574 2098 678 2164 neque
703 2076 857 2142 articulus
879 2085 953 2142 ante
975 2073 1172 2165 ὀρθροβόην

167 2186 304 2253 tolerari
331 2197 440 2275 potest
471 2171 597 2253 subiato
626 2191 817 2275 pronomine
845 2182 894 2253 dv.
949 2186 1039 2252 Nihil
1067 2197 1172 2254 autem

172 2321 287 2365 causae
307 2299 405 2364 video
428 2322 484 2364 cur
506 2295 661 2385 εὐχωλαῖς
682 2307 771 2376 τεαῖς
793 2299 969 2365 damnetur.
1006 2298 1106 2364 Plane
1128 2303 1172 2365 ita

172 2408 352 2474 Menander
371 2409 523 2497 loquutus
546 2419 595 2476 est
615 2411 754 2476 Leucad.
776 2412 801 2493 1,
822 2415 843 2477 4
870 2404 956 2477 ἀλλά
977 2407 1050 2475 κατ’
1076 2405 1173 2497 εὐχὴν

174 2518 244 2600 σήν,
266 2518 395 2586 δέσποτ’
420 2515 519 2601 ἀναξ,
547 2517 763 2611 εὐφημείσθω
791 2527 925 2608 τέμενος
946 2524 1020 2609 περί
1040 2518 1173 2589 Λενκά-

173 2631 231 2708 δος
252 2627 362 2712 ἀκτῆς,
385 2655 429 2699 ex
451 2643 520 2698 tuo
537 2643 650 2714 voto,
672 2634 994 2720 quemadmodum
1015 2634 1172 2701 tibivo-
1215 2635 1216 2640 ’

172 2745 307 2809 vimus.
352 2745 463 2832 ltaque
484 2747 530 2809 ita
551 2744 753 2810 scribendum
775 2746 914 2813 videtur:

211 2876 258 2944 Εί
274 2902 334 2965 μοι
350 2872 476 2968 χαρτύς
496 2873 573 2965 έμύς
594 2881 759 2967 Πολέμων
779 2881 835 2947 καὶ
858 2879 944 2957 σῶος
964 2877 1113 2959 ἀνέλθοι,

260 2985 385 3057 τοιόσδ’
412 2983 482 3068 οἶος
503 2984 558 3079 ἀρ’
583 2979 640 3072 ἦν,
661 2994 808 3077 κοίρανε,
829 2985 1045 3077 πεμπόμενος,

218 3099 321 3189 ῥέξειν
342 3098 401 3168 οὐκ
422 3097 578 3193 ἀπόφημι
598 3096 658 3168 τόν
680 3097 876 3192 ὐρδροβόην
896 3095 990 3191 παρά
1009 3103 1136 3188 βωμοῖς

263 3206 369 3302 ὐρνιν,
391 3207 431 3281 ὃν
452 3211 608 3300 εὐχωλαῖς
628 3208 946 3300 ὡμολόγηοαίτεαῖς.

174 3347 277 3413 Vides
300 3370 392 3435 quam
421 3358 495 3436 apte
515 3351 578 3413 iam
601 3359 634 3415 et
654 3351 812 3416 concinne
834 3349 939 3413 omnia
960 3347 1023 3412 sibi
1042 3368 1174 3434 respon-

177 3459 283 3541 deant,
303 3463 332 3524 εὶ
352 3461 412 3544 μέν
434 3460 517 3536 σῶος
538 3456 689 3540 ἀνέλθοι,
711 3457 770 3526 οὐκ
790 3454 946 3550 ἀπόφημι
966 3456 1065 3546 ῥέξαι,
1092 3468 1125 3523 et
1146 3463 1173 3524 εί

177 3572 211 3636 δέ
233 3572 374 3637 έλασσον
395 3570 493 3635 έλθοι
515 3571 603 3656 έχων,
627 3571 758 3636 λέλυται
778 3564 816 3637 τὸ
837 3567 1042 3658 ὑποσχέσιον.
1079 3571 1174 3636 Prae

177 3691 265 3748 terea
285 3705 382 3749 versu
402 3683 505 3770 primo
526 3680 632 3746 malim
655 3686 682 3747 εί
702 3683 762 3767 μέν
778 3675 902 3771 χαρτύς
924 3683 1006 3768 έμοί.
