3026 4816
338 473 374 530 86
694 476 985 527 ΔΙΟΣΚΟΡΙΔΟΥ

346 768 398 854 Tc}
414 765 550 855 Πιτάνη
570 764 805 857 Θρασύβουλος
825 767 871 836 ἐπ’
897 767 1038 848 ἀσπίδος
1058 765 1186 852 ἤλυθεν
1208 765 1342 853 άπνους,

383 873 466 947 έπτά
487 875 570 969 πρὸς
588 878 745 970 Ἀργείων
765 877 940 971 τραύματα
962 876 1148 968 δεξάμενος,

340 986 465 1070 δεικνὺς
486 989 584 1058 ἀντία
605 988 724 1059 πάντα.
746 986 807 1058 τὸν
829 988 1031 1079 αἱματόεντα
1053 990 1083 1058 δ’
1109 991 1129 1062 ὁ
1151 995 1293 1083 πρέσβυς

382 1101 475 1170 παῖδ’
500 1104 554 1168 ἐπὶ
573 1096 738 1194 πυρκαϊὴν
765 1099 921 1191 Τύννιχος
942 1101 1010 1171 εἶπε
1029 1105 1152 1183 τιθείς·

339 1217 448 1283 Δειλοὶ
468 1216 717 1283 κλαιέσθωσαν·
739 1208 800 1301 ἐγώ
823 1215 858 1280 δέ
881 1235 917 1281 σε
938 1217 1055 1281 τέκνον
1075 1208 1220 1306 άδακρυς

384 1322 508 1418 θάψω,
529 1319 590 1392 τόν
610 1327 667 1393 καὶ
689 1321 770 1412 ἐμόν
789 1327 846 1392 καὶ
867 1321 1145 1413 Λακεδαιμόνιον.

765 1473 907 1539 ΧΧΧΙΠ.

340 1585 401 1662 mg
422 1584 523 1664 δηίων
542 1587 705 1672 πέμψασα
726 1578 843 1670 λόχους
864 1587 1050 1670 Δημαινέτη
1072 1580 1156 1650 ὀκτώ

383 1694 507 1772 παῖδας
526 1687 591 1760 ὑπὸ
613 1689 714 1787 στήλη
736 1690 866 1773 πάντας
887 1696 1015 1761 ἔθαπτε
1036 1695 1109 1781 μιᾷ.

340 1799 467 1894 δάκρυα
489 1802 520 1871 δ’
546 1801 605 1871 οὐκ
626 1802 733 1894 ἔρρηξ’
759 1807 813 1872 ἐπὶ
834 1807 1008 1886 πένθεσιν,
1029 1798 1117 1871 ἀλλὰ
1136 1801 1206 1873 τόδ’
1228 1804 1296 1874 εἶπε

383 1917 524 2003 μοῦνον·
546 1909 583 1982 II
604 1911 769 2006 Σπάρτα,
791 1918 845 1984 σοὶ
866 1920 965 1982 τέκνα
984 1913 1072 1983 ταῦτ’
1097 1917 1215 1983 έτειιον.

766 2063 910 2128 XXXIV.

340 2167 525 2263 Εὐφράτην
545 2169 592 2260 μὴ
613 2181 699 2253 καῖε,
725 2168 911 2259 Φιλώνυμε,
932 2173 1015 2259 μηδὲ
1035 2167 1153 2265 μιήνης

383 2286 449 2370 πῦρ
471 2283 517 2350 ἐπ’
542 2286 631 2370 ὲμοί·
653 2288 789 2374 Πέρσης
811 2287 876 2371 είμὶ
896 2277 961 2374 γάρ
984 2288 1019 2348 ἐκ
1040 2287 1198 2372 πατέρων,

340 2398 476 2485 Πέρσης
498 2391 679 2481 αὐθιγενὴς
699 2398 757 2462 ναὶ
779 2397 933 2462 δέσποτα·
953 2395 1019 2480 πῦρ
1042 2395 1076 2461 δὲ
1098 2394 1214 2482 μιῆναι

386 2505 465 2595 ἡμῖν
487 2508 547 2574 τοῦ
564 2510 711 2594 χαλεποῦ
731 2503 924 2595 πικρότερον
945 2501 1110 2572 θανάτου.

341 2614 428 2685 ἀλλά
447 2620 652 2707 περιστείλας
671 2643 712 2705 με
736 2620 829 2685 δίδου
846 2618 967 2705 χθονί,
988 2614 1068 2702 μηδ’
1093 2619 1147 2683 έπλ
1167 2619 1272 2706 νεκρῷ

385 2725 508 2820 λουτρά
525 2735 617 2823 χέης·
640 2731 780 2816 σέβομαι
803 2731 947 2797 δέσποτα
969 2731 1026 2796 καὶ
1046 2725 1223 2813 ποταμούς.
1462 2766 1464 2770 -

778 2879 908 2942 XXXV.

347 2983 417 3069 Τὴν
437 2990 561 3069 τίτθην
579 2987 690 3078 Ἱέρων
712 2987 911 3070 Σειληνίδα,
932 2983 994 3069 την
1016 2984 1070 3055 ὅτε
1092 2990 1183 3057 πίνοι

385 3094 490 3188 ζωρὸν
510 3097 560 3165 ὑπ’
587 3098 740 3185 οὐδεμιῆς
761 3101 970 3185 θλιβομένην
991 3095 1127 3179 κύλικος,
1228 3176 1231 3184 y

341 3211 452 3298 ἀχρῶν
473 3205 565 3287 έντός
586 3213 722 3291 έθηκεν,
745 3209 782 3275 ἵν’
808 3207 829 3292 ἡ
852 3207 1053 3301 φιλάκρητος
1074 3214 1179 3290 ἐκείνη

385 3326 441 3390 καὶ
463 3325 614 3415 φθιμένη
636 3324 744 3402 ληνῦν
765 3324 897 3407 γείτονα
919 3317 1045 3407 τύμβον
1067 3323 1142 3408 ίχοι.

771 3469 913 3533 XXXVI.

341 3576 488 3647 Βάλλεθ
514 3577 593 3668 ὑπὲρ
615 3576 743 3668 τύμβου
764 3575 865 3646 πολιά
885 3581 982 3667 κρίνα
1008 3581 1064 3646 καὶ
1086 3574 1127 3645 τά
1149 3575 1282 3659 συνήθη

384 3689 520 3780 τύμπαῦ
547 3693 600 3758 ἐπὶ
623 3687 723 3784 στήλη
746 3687 871 3777 ῥήσσεά
895 3688 1129 3777 Ἀλεξιμένους,

411 3928 522 3984 ΧΧΧΠ.
542 3927 598 3984 Pal.
612 3926 743 3995 V1L229.
758 3962 789 3971 -
808 3927 933 3985 XXXIII.
951 3925 1008 3984 Pal.
1021 3927 1079 3994 Vll,
1091 3930 1151 3983 434.
1166 3956 1198 3967 -
1216 3923 1344 3981 XXXIV.

342 4012 398 4070 Pal.
409 4012 467 4083 Vn,
482 4018 540 4071 162.
555 4049 587 4059 -
606 4014 721 4072 XXXV.
740 4013 796 4071 Pal.
806 4013 865 4083 Vll,
877 4016 937 4070 456.
950 4012 1025 4071 Vm
1038 4012 1203 4088 οὗδεμίηςτ
1216 4007 1345 4067 XXXVI.

342 4099 397 4157 Pal.
410 4100 470 4170 VII,
487 4105 546 4159 485.
566 4100 614 4160 Vs,
629 4106 646 4157 2
661 4100 854 4175 Ἀλεξαμενους,
