3026 4816
326 447 379 501 122
591 441 852 501 ADNOTATIO
871 439 1062 504 'cltlTlcu

326 597 488 684 cognitum
511 604 569 660 est.
614 597 710 660 Vati
732 599 845 682 scripsi
868 617 906 661 ex
928 595 995 662 Pal.
1018 592 1207 685 ακριμόνος.
1250 596 1332 664 Ibid.
1407 647 1409 654 1

326 701 492 795 ἄχραντον
512 706 652 774 Brunck.
697 703 842 793 ἀκρήτου
867 705 935 772 Pal.

413 819 512 885 XLV.
550 822 608 884 Vs.
630 821 645 884 l
670 818 770 907 vulgo
793 813 990 899 αὐτοδελής.
1036 816 1124 885 Idem
1145 819 1243 887 habet
1263 822 1332 888 Pal.

326 929 383 997 sed
406 937 436 997 εἳ
456 953 554 1019 super
577 955 606 1012 η.
650 932 762 1017 ltaque
783 932 896 1017 scripsi
917 927 1104 996 αὐτοδελεί.

413 1043 542 1108 XLVII.
596 1044 768 1131 Antipatro
803 1041 1084 1108 Thessalonicensi
1117 1042 1229 1112 tribuit
1261 1045 1333 1111 Pla·
1368 1058 1376 1076 “

326 1153 437 1221 nudes.

413 1267 523 1332 XLIX.
559 1267 663 1360 Vei
685 1264 792 1331 malim
814 1273 870 1330 aut
891 1258 954 1330 κᾶν
975 1265 1255 1352 Λακεδαιμονίων
1276 1278 1332 1334 aut
1391 1277 1398 1292 '

325 1378 391 1464 μᾶν
417 1379 703 1463 Λακεδαιμονίαν.
758 1377 842 1442 Nam
875 1376 1132 1464 Λακεδαιμονία
1166 1377 1205 1442 ab
1237 1379 1331 1447 huius

326 1491 439 1556 aetatis
461 1499 561 1577 poeta
583 1489 625 1555 de
640 1489 755 1576 Sparta
779 1487 897 1554 dictum
911 1488 1011 1554 fuisse
1024 1492 1077 1554 vix
1092 1488 1199 1555 eredo.
1233 1492 1292 1556 Vs.
1309 1494 1331 1558 5

324 1579 497 1666 Jacobsius
520 1610 621 1666 tentat
642 1597 791 1676 ἀναιδίες
812 1595 853 1665 οὐ
870 1599 905 1666 δὲ
927 1601 1077 1685 λέγουσιν
1097 1603 1118 1665 i.
1134 1621 1162 1666 e.
1185 1598 1332 1681 ἀναιδεῖς

326 1717 425 1791 εἰσιν,
454 1708 528 1777 ἀλλ’
554 1709 613 1798 οὐχ
643 1715 772 1801 ἴστορες
799 1716 832 1778 ot
852 1713 1010 1796 λέγοντες.
1059 1712 1137 1777 Non
1161 1712 1257 1778 credo
1279 1715 1332 1779 hic

326 1823 497 1911 quidquam
523 1833 708 1912 corruptum
730 1845 816 1903 esse,
845 1844 1032 1910 quamquam
1053 1823 1225 1890 verborum
1247 1825 1330 1891 ordo

325 1934 436 2023 paullo
458 1935 650 2001 insolentior
673 1945 730 2002 est.

413 2047 451 2112 L.
488 2049 547 2113 Vs.
560 2031 582 2114 ‘1
605 2046 707 2137 vulgo
728 2048 855 2136 ιινρραῡ
878 2056 910 2112 et
931 2048 1014 2113 vs.5
1036 2048 1201 2133 μοσχείαν.
1244 2047 1329 2115 Cod.

325 2159 450 2246 ιινρρῶι
477 2170 511 2225 et
537 2161 688 2245 μοσχείω.
738 2161 878 2225 Restitui
905 2157 1023 2225 formes
1047 2158 1187 2240 doricas,
1216 2162 1331 2248 quibus

326 2275 421 2337 etiam
447 2270 639 2337 vocabulum
666 2265 849 2357 βονιιοίμαν
882 2269 980 2336 fidem
1008 2270 1093 2337 facit.
1144 2271 1244 2339 Aliud
1273 2273 1334 2341 do.

325 2386 414 2449 rismi
435 2383 586 2450 indicium
607 2386 748 2450 servavit
777 2382 849 2449 cod.
871 2381 939 2448 Pal.
965 2387 999 2448 in
1020 2382 1121 2450 verbo
1144 2381 1331 2474 αἰιιεφλοιιό-

268 2480 272 2490 *
326 2516 419 2577 σατο,
441 2518 502 2585 pro
525 2517 589 2584 quo
612 2495 668 2562 ille
691 2496 788 2562 habet
802 2491 859 2560 ἀπ’
878 2489 1104 2585 ὠφλοιιίσατο.
1137 2497 1235 2564 Unde
1257 2502 1332 2564 seri-

325 2608 465 2674 bendum
486 2610 632 2695 suspicor
658 2603 716 2672 cirr'
736 2597 782 2673 ὦν
807 2603 1006 2698 φλοιώσατο.
1050 2609 1108 2673 Vs.
1131 2611 1151 2675 4
1180 2604 1332 2698 μοίνδρας

327 2710 420 2798 αὖτις
441 2719 532 2785 Plan.
575 2713 724 2807 μάνδρης
746 2708 851 2796 αὖθις
871 2718 939 2784 Pal.

414 2831 466 2898 LI.
503 2833 599 2898 Vno
623 2833 693 2896 eto
716 2833 842 2896 servavi
865 2829 937 2896 cod.
959 2830 1131 2898 lectionem
1152 2835 1241 2899 varie
1263 2843 1332 2899 ten-

326 2951 431 3009 tatam.
466 2942 646 3008 Brunekius
668 2944 747 3008 mira
770 2943 901 3009 audacia
925 2947 952 3008 εί
973 2937 1102 3024 θνητὰς
1115 2938 1175 3010 τὸν
1196 2939 1332 3034 ἀλιτρόν

325 3048 438 3120 ἐσώκει
459 3051 590 3141 δαίμον’
617 3051 776 3134 ἁλίσκειν,
805 3056 971 3140 τισαίμην.
997 3057 1031 3120 τί
1050 3056 1152 3122 αλίον
1173 3052 1202 3121 δ’
1223 3053 1328 3122 ἔσσετ’

326 3161 520 3251 αἰλενομίνιο.
572 3165 717 3254 Scaliger
738 3169 848 3232 nescio
872 3189 933 3253 qua
958 3170 1130 3232 sententia:
1154 3161 1332 3254 χὼδνητὸς

326 3269 386 3342 τὸν
407 3270 543 3366 rimport
564 3279 643 3359 toa,
670 3279 728 3344 καὶ
749 3271 879 3359 θνητὸς
909 3274 928 3344 ὁ
951 3279 1079 3365 δαίμων
1099 3282 1250 3364 νίσομαι·
1278 3282 1332 3364 ἐγ-

325 3382 458 3474 κλήμαν
493 3385 524 3454 δ’
556 3387 633 3456 ἔσθ’
666 3384 686 3456 ὅ
713 3386 750 3476 μ’
783 3385 991 3476 ἀλεξόμενος.
1048 3391 1219 3456 Jacobsius
1250 3412 1332 3478 quae

277 3555 280 3563 .
326 3500 405 3566 olim
427 3503 562 3566 tentavit
583 3523 669 3567 nunc
691 3501 878 3589 repudiasse
901 3502 1036 3568 videtur.
1088 3504 1254 3569 Postrema
1276 3505 1333 3566 rui-

325 3634 383 3678 ror
403 3635 471 3678 non
491 3612 612 3679 vidisse
635 3616 762 3679 criticos
785 3636 845 3701 per
859 3616 1145 3704 interrogationem
1167 3599 1332 3679 efferenda

327 3746 413 3805 esse,
441 3746 505 3813 quo
535 3728 638 3791 omnis
665 3726 791 3792 tollitur
811 3727 985 3792 verborum
1008 3727 1195 3792 obscuritas.
1246 3725 1333 3792 Reli-

327 3859 388 3925 qua
419 3840 463 3903 ita
492 3837 660 3903 scribenda
683 3837 848 3918 videntur,
874 3836 923 3924 χὼ
951 3833 1080 3919 θνητὸς
1107 3831 1168 3903 τὸν
1197 3831 1332 3924 άλιτρόν

326 3945 404 4034 ἐγώ,
433 3955 481 4016 κεί
503 3943 632 4031 θνητὸς
654 3947 673 4016 ὁ
696 3950 838 4035 δαίμων,
863 3951 1008 4035 νίσομαι.
1059 3949 1095 4015 In
1118 3947 1220 4015 altero
1244 3949 1332 4028 θνη-

327 4055 384 4139 τὰς
405 4071 510 4129 tamon
533 4064 644 4128 vitium
666 4062 808 4128 residere
831 4073 974 4148 apertum
997 4071 1053 4126 est.
1149 4095 1154 4102 ·
