3026 4816
411 457 674 521 nonormo
698 458 885 522 comen
1103 466 1154 523 129

142 636 226 720 ἠοῦν
246 637 429 704 Jacobsius.
464 638 549 708 Cod.
571 633 594 720 ἢ
615 639 684 706 οὖν.
718 641 777 705 Vs.
793 641 837 708 15
859 639 932 706 eod.
950 600 1069 708 toritdo
1082 661 1152 708 σοι.

143 753 221 816 Non
245 750 391 838 expedio.
436 749 576 837 Reliqua
597 749 825 839 intelligerem,
847 754 875 817 si
896 753 940 817 ita
962 755 1080 840 scripta
1104 776 1152 820 es-

143 871 228 928 sent:
249 865 465 946 μεμνημένος,
487 855 580 948 ἄχρις
602 859 718 954 ὁμιλῇς
739 861 842 942 doeio,
864 859 899 944 ἐξ
921 865 994 944 οἴης
1014 859 1152 952 ἡρμόνι-

143 992 202 1037 σαι
222 967 384 1056 καλάμης.

233 1084 345 1149 LXXI.
390 1085 519 1150 Nomen
548 1085 769 1170 Hparalidoec
794 1084 855 1151 fuit
884 1089 939 1173 qui
966 1097 1151 1174 corruptum

144 1216 216 1261 esse
243 1203 379 1282 potaret.
434 1196 565 1272 lniuria3
596 1216 616 1260 n
643 1196 783 1282 Προῖτος
810 1200 894 1262 enim
922 1197 976 1263 vel
1000 1197 1151 1283 Προῖτος,

144 1308 234 1371 cuius
256 1307 395 1370 nominis
418 1305 484 1372 duo
506 1306 560 1371 vel
581 1310 641 1373 trio
656 1305 800 1394 exempla
822 1308 1006 1396 suppeditat
1020 1307 1149 1396 Corpus

41 1460 46 1466 -
142 1419 390 1505 Inscriptionum
404 1417 461 1498 ⁵),
489 1426 577 1484 recte
605 1419 735 1483 formari
762 1422 870 1506 potuit
890 1415 1087 1510 Πράταλος,
1114 1431 1151 1485 ut

143 1551 162 1594 a
190 1527 306 1614 Σῖμος
342 1527 498 1595 formatur
524 1527 689 1614 Σίμαλος.
740 1529 827 1596 Vide
855 1553 936 1620 quoe
968 1530 1009 1596 ad
1037 1533 1148 1621 Epigr.

143 1639 250 1720 CVll,
273 1642 292 1704 l
316 1637 390 1706 dixi.
435 1641 595 1706 Lacunam
615 1640 788 1708 Jnoobsius
810 1644 855 1707 ita
877 1642 1036 1730 explebat:
1058 1638 1150 1728 χθό-

142 1774 209 1818 νιοι
239 1752 356 1817 Μίνωι·
390 1744 450 1818 τὸν
483 1747 590 1840 ἄνδρα
620 1754 739 1818 τοῦτον
766 1752 944 1841 Komarei,
974 1765 1150 1841 praeeunte

144 1862 312 1928 Brunokio
335 1864 397 1928 nisi
419 1863 507 1951 quod
528 1865 556 1928 is
572 1864 687 1928 Μίνωι·
706 1859 873 1954 πάρεδρον
885 1862 1052 1930 rcribebat
1089 1865 1151 1930 Mi·

144 1995 242 2040 noem
257 1975 286 2038 si
299 1978 487 2040 memoravit
500 1985 607 2062 poeta,
629 1974 714 2040 houd
729 1973 841 2063 paullo
859 1974 1060 2065 probabilius
1075 1996 1151 2041 con-

143 2089 248 2152 iicias:
267 2079 408 2171 χθόνιοι
427 2085 523 2164 θεοί,
545 2075 582 2152 εὖ
602 2081 695 2175 παρὰ
717 2087 817 2172 Μίνῳ
839 2089 958 2154 τοῦτον
979 2087 1150 2176 Komarei.

144 2197 252 2287 Magis
275 2206 382 2294 tamen
402 2195 544 2282 placeret
555 2191 693 2282 χθόνιοι
705 2197 795 2276 θεοί,
818 2187 854 2264 εὖ
867 2221 904 2283 με
923 2194 1060 2282 θαλήτμ
1074 2197 1151 2264 τοῦ·
1292 2243 1294 2248 -

143 2331 204 2376 τον
225 2308 390 2397 Κρητααῖ
410 2307 532 2398 Κρῆτα
558 2310 776 2396 ααρῳκίσοιτο.
829 2307 995 2374 Thaletom
1017 2306 1152 2374 Creten·

144 2443 212 2487 sem
233 2429 365 2508 poetam
385 2441 480 2486 nemo
502 2421 639 2509 ignorat.

233 2531 362 2597 LXXII.
410 2531 484 2595 Hoc
517 2550 644 2594 carmen
671 2532 705 2594 in
733 2529 805 2594 eod.
838 2551 909 2597 oum
936 2530 1150 2619 praecedente

92 2622 95 2628 Ι
145 2645 352 2711 coniunctum
374 2643 493 2729 primus
508 2643 646 2706 seiunxit
660 2640 850 2710 Brunckius.
882 2644 977 2708 Vol
1000 2643 1151 2710 παιδιῖον

144 2755 327 2822 Brunckius
356 2775 394 2818 ex
414 2773 513 2841 marg.
542 2749 614 2817 eod.
637 2753 693 2818 ubi
715 2761 765 2818 est
791 2776 842 2841 γρ.
864 2753 1052 2844 οραταλίδα
1072 2775 1150 2818 nat-

110 2865 113 2871 ’
146 2869 219 2934 δίον
242 2863 308 2933 ὅσα
329 2858 564 2954 προτερήματα
586 2859 670 2951 εἶχεν
692 2869 727 2930 ἐκ
742 2859 879 2954 φύσεως.
911 2867 949 2932 ln
970 2875 1058 2931 textu
1076 2866 1149 2932 ood.

145 2988 220 3066 post
247 2977 451 3063 Homolldo
484 2975 599 3042 lacuna
629 2985 687 3042 est.
739 2977 839 3043 vet
873 2967 953 3066 ἆρχε
980 2999 1042 3065 pro
1071 2969 1150 3067 ἄρχε

145 3087 336 3156 Brunckius.

234 3199 376 3264 LXXlll.
413 3200 509 3266 veo
532 3199 604 3267 cod.
626 3194 712 3266 κατὰ
732 3194 927 3288 πρηνώσαο,
955 3212 991 3268 ut
1012 3200 1151 3268 dubitari

146 3315 251 3401 possit
273 3333 315 3376 an
336 3331 404 3376 non
425 3314 534 3398 potius
555 3304 642 3377 κατὰ
663 3306 840 3399 πρηνώοαο
862 3307 986 3380 πόντον
1010 3313 1151 3380 scriben-

146 3423 223 3491 dum
245 3426 295 3488 sit.
339 3421 501 3488 Leonidas
522 3425 604 3488 inira
627 3423 737 3512 Epigr.
758 3423 903 3504 LXXXI,
926 3426 947 3490 4
973 3414 1064 3492 ὦσαν
1094 3427 1151 3491 Τι-

145 3533 291 3622 μόλντον
312 3531 396 3600 καθ’
418 3529 508 3612 ἁλός.
541 3535 712 3600 Praeterea
732 3535 809 3600 milri
822 3545 970 3624 suspecto
986 3546 1035 3602 est
1048 3535 1151 3602 formo

146 3648 326 3734 repondeat,
341 3668 401 3733 pro
414 3668 478 3734 quo
489 3648 626 3712 fortasse
639 3646 861 3733 reponendum
871 3645 1044 3738 πρηνίξαο.
1061 3649 1119 3714 Vs.
1130 3650 1148 3714 7

217 3911 249 3983 ἰ)
279 3911 376 3988 Πρώτη
398 3909 518 3968 mulieris
536 3933 632 3970 nomen
655 3923 697 3969 est
714 3913 785 3990 apud
804 3914 977 3992 Crinagoram
993 3912 1076 3972 Anti.
1094 3912 1149 3970 Pal.

147 3995 182 4066 V,
196 4001 256 4056 1⁰8.
275 4001 352 4055 novio
365 4000 393 4054 in
405 3997 485 4055 titolo
497 3998 589 4055 Attico
602 3998 673 4077 opud
685 3999 802 4057 Boecllr.
820 4000 969 4058 Urlmnden
981 4011 1031 4058 ete.
1050 4021 1077 4077 p.
1089 4002 1149 4056 293.

146 4089 254 4159 Πρατις
271 4083 389 4142 Pleirdio
408 4105 505 4142 nomen
522 4085 593 4164 opud
611 4084 702 4143 Sclrol.
721 4083 857 4144 Theocrit.
875 4087 947 4155 xlii,
964 4092 1027 4144 ‘liu
1163 4175 1164 4178 Ἴ

87 4196 90 4201 ’
930 4187 951 4248 9
