3028 4826
328 436 380 492 186
492 473 496 477 -
668 433 990 496 conmortuus.

326 578 453 672 βληχὴυ
474 581 680 654 ἀκολουθῶν.
724 588 796 654 Nec
816 588 948 674 probari
970 599 1079 675 potest
1104 590 1192 676 quod
1213 593 1333 658 Jacob-

326 699 392 763 sius
415 700 554 763 coniecit
581 695 743 786 ἁγητῆρσι
769 702 853 784 μέτα
878 695 1034 786 βλήχημα
1055 698 1222 787 βαβύζων.
1267 708 1332 771 Re-

326 809 471 875 vooanda
494 809 727 898 elegantissima
749 811 821 876 cod.
842 810 909 876 Pal.
934 815 1104 899 scriptura:

356 911 360 920 ¹
448 927 552 1004 κριοῖς
573 918 735 1010 ἁγητῆρσι
757 919 830 988 ποτ’
857 924 1064 1009 έβληχημένα
1084 918 1204 1009 βύζων,

325 1032 356 1096 h.
380 1054 407 1096 e.
433 1031 599 1110 arietibus,
628 1035 735 1098 ovium
758 1033 905 1114 ducibus,
932 1034 1057 1101 balatus
1078 1038 1250 1101 imitamina
1272 1037 1329 1102 ob-

326 1147 478 1234 garriens.
515 1143 615 1230 Quod
637 1147 723 1210 inter
743 1143 832 1210 lusus
856 1155 888 1211 et
910 1145 1144 1212 oblectamenta
1163 1157 1330 1234 pastorum

327 1265 384 1320 est.
419 1254 472 1319 Ad
494 1254 643 1323 dictionis
665 1257 808 1337 formam,
830 1258 1037 1344 έβληχημένα
1058 1253 1268 1346 προσβύζειν,
1290 1261 1331 1322 si-

326 1367 488 1433 millimum
511 1377 560 1433 est
581 1368 668 1455 quod
684 1368 761 1434 dixit
775 1370 964 1458 Euphorion
978 1371 1105 1458 Fragm.
1122 1369 1294 1450 XXXVIII,
1308 1373 1331 1436 3

313 1489 495 1570 Ιπορφυρέη
516 1473 658 1546 ύύκινθε
682 1517 722 1567 7·
745 1485 956 1569 γεγραμμένα
978 1476 1157 1548 κωκύουσα.

596 1785 822 1842 cnmaoonas
840 1790 899 1841 Pal.
911 1791 978 1859 vn,
998 1787 1059 1841 741.

366 1896 568 1990 Ὀθρυάδην,
588 1897 754 1992 Σπάρτης
775 1897 814 1969 τύ
835 1907 921 1989 μέγα
941 1905 1043 1984 κλέος,
1064 1895 1086 1984 ἢ
1107 1875 1307 1993 Κυνέγειρον

413 2007 586 2100 ναύμαχον
607 2007 630 2094 ἢ
650 2007 784 2079 πάντων
805 2015 886 2104 έργα
906 2023 1020 2105 κρατεῖ
1040 2015 1191 2100 πολέμων

363 2119 498 2213 ’Ἀρριος
519 2119 679 2212 αἰχμητὴς
695 2120 839 2204 Ἰταλός·
860 2122 953 2214 παρὰ
971 2122 1113 2214 χεύμασι
1134 2127 1257 2193 Νείλου

411 2238 574 2316 κλινθεὶς,
599 2242 634 2303 έκ
655 2238 786 2304 πολλῶν
806 2232 980 2324 ἡμιθανὴς
1001 2240 1122 2325 βελέων

369 2341 479 2442 alsatio
493 2345 715 2438 ἁρπασθέντα
730 2351 830 2439 φίλου
846 2347 1051 2438 στρατοῦ-ὠς
1065 2346 1107 2415 ’ἰδ’
1121 2347 1176 2415 ὑπ’
1193 2352 1330 2438 ἐχθροῖς

412 2452 505 2539 αὖτις
527 2455 723 2552 ἀρηϊφύτων
745 2453 895 2550 ἄνθορεν
916 2466 952 2527 ἐκ
972 2457 1103 2528 νεκύων.

325 2599 372 2663 lta
394 2597 474 2662 haec
496 2598 662 2664 constituit
681 2596 861 2676 Jacobsius,
881 2590 986 2675 κύλει,
1010 2596 1098 2682 quod
1119 2601 1203 2664 vs2
1227 2598 1328 2665 codex

324 2709 430 2789 habet,
449 2719 572 2775 mutato
593 2711 628 2773 in
649 2717 774 2796 κρατεῖ,
796 2718 833 2774 ut
853 2707 983 2774 Ambius
1006 2711 1145 2774 omnium
1167 2709 1329 2776 bellorum

326 2822 468 2886 facinora
497 2841 664 2908 superasse
694 2819 826 2886 dicatur.
877 2819 978 2906 Quod
999 2829 1036 2886 ut
1056 2828 1187 2909 κρατεῖν
1209 2821 1330 2910 signifi-

326 2956 398 2999 care
420 2955 517 3020 posse
541 2931 700 3013 concedo,
728 2935 772 2998 ita
800 2953 873 2997 meo
903 2932 1030 3019 quidem
1052 2930 1172 2998 iudicio
1195 2933 1347 2998 Amhius.

325 3066 392 3110 non
420 3043 608 3131 Othryadae
636 3041 704 3109 vel
732 3042 891 3132 Cynegiri
925 3043 990 3109 vel
1026 3048 1165 3111 omnium
1194 3044 1329 3134 gloriam

326 3166 401 3243 post
427 3178 463 3221 se
483 3154 652 3242 reliquisse
674 3153 828 3222 dicendus
858 3166 940 3234 erat,
970 3157 1028 3222 sed
1053 3159 1109 3223 καὶ
1130 3157 1328 3245 Κυνέγειρον

326 3279 358 3334 et
385 3269 441 3334 καὶ
468 3262 601 3332 πάντων
622 3267 773 3352 πολέμων
795 3269 884 3357 έργα.
934 3269 1045 3356 ltaque
1066 3268 1143 3334 vide
1172 3267 1327 3338 anlocus

325 3383 368 3444 ita
390 3380 543 3444 constitui
563 3379 681 3464 possit:
917 3391 919 3396 ’

365 3484 566 3576 Ὀθρυάδην,
587 3484 753 3578 Σπάρτης
773 3483 813 3556 τὸ
835 3493 920 3576 μέγα
942 3492 1048 3570 κλέος,
1069 3485 1092 3572 ἢ
1113 3491 1313 3578 Κυνέγειρον

412 3595 597 3686 ναύμαχον,
619 3593 797 3682 η’,πύντων
818 3603 898 3692 έργα
919 3597 1036 3669 λάλει
1056 3605 1223 3689 πολέμων.

363 3705 498 3801 Ἄρρως
520 3704 680 3797 αἰχμητὴς
698 3706 825 3792 Ἰταλὸς
845 3707 939 3802 παρολ
956 3708 1098 3801 χεύμασι
1114 3717 1240 3782 Νείλου
1261 3753 1303 3766 -

326 3826 392 3904 Tu,
415 3826 531 3911 inquit,
554 3823 743 3911 Othryadae
763 3825 818 3891 vel
841 3824 999 3916 Cynegiri
1020 3825 1077 3893 vel
1096 3825 1249 3914 quidquid
1270 3849 1327 3892 un-

326 3958 419 4022 quam
447 3937 575 4003 fortiter
596 3947 631 4003 et
655 3936 818 4024 praeclare
840 3937 989 4004 inbellis
1014 3948 1138 4028 gestum
1160 3949 1210 4004 est
1230 3941 1326 4014 iacta;

326 4049 456 4116 Arrhius
472 4053 612 4117 omnium
626 4049 881 4139 gloriamslonge
895 4049 1057 4140 longeque
1071 4061 1209 4137 superat.
1236 4051 1328 4118 Hauc
