3028 4826
517 449 840 512 conluctantia
866 464 868 469 ’
1131 457 1182 512 199
1219 485 1224 497 ·

219 599 306 671 ἀλλὰ
328 605 384 670 καὶ
406 600 503 685 ἡνίκα
525 613 611 691 μαῖα
633 607 689 671 καὶ
711 602 880 672 ὠδίνεσσιν
903 599 1044 690 ἀπήμων

263 713 387 803 αὐχεῖς,
410 711 471 783 σύν
493 712 607 808 φόρτῳ
631 717 733 793 δῦσας
751 713 998 805 Ἀριστομένην.

176 851 315 919 Carmen
335 852 399 917 hoc
420 873 462 917 ne
485 855 554 939 quis
583 855 674 918 initio
690 862 875 918 'truncatum
900 861 1007 938 putet,
1037 852 1180 918 similiter

176 966 270 1029 ctiam
305 963 358 1028 alii
392 973 509 1051 poetae
544 967 770 1054 epigrammata
797 968 903 1032 exorsi
936 973 1021 1029 sunt.
1072 966 1180 1029 Versu

82 1067 85 1074 ¹
175 1077 279 1164 primo
300 1075 482 1141 Brunckius
506 1075 605 1142 edidit
626 1078 682 1143 καὶ
704 1073 784 1143 πότε
807 1072 847 1158 δή
868 1071 966 1156 νύεις,
987 1079 1102 1143 merito
1124 1080 1180 1142 im-

174 1188 333 1275 probante
354 1187 526 1269 Jacobsio,
555 1192 609 1275 qui
637 1191 706 1277 ipse
729 1199 832 1255 tentat
856 1190 913 1255 καὶ
933 1183 1013 1255 πότε
1037 1184 1077 1271 δή
1100 1185 1178 1256 ναύ-

173 1325 255 1377 ταις.
311 1299 522 1366 Scribendum
551 1304 660 1388 potius
689 1303 745 1368 καὶ
775 1297 855 1369 πότε
884 1297 924 1382 δή
954 1296 1065 1381 νήεσσ’
1091 1297 1179 1393 ἄφο-

174 1413 236 1497 βος
257 1407 369 1500 πόρος,
390 1415 426 1478 in
441 1411 556 1499 quibus
570 1409 681 1494 νήεσσ’
700 1423 808 1480 tuetur
821 1415 1024 1480 Homericum
1046 1413 1120 1495 11.1,
1136 1417 1173 1480 71

173 1525 230 1590 καὶ
257 1518 368 1605 νήεσσ’
394 1518 536 1609 ἡγήσατ’
560 1521 704 1612 Ἀχαιῶν
727 1518 828 1593 ’Ίλων
863 1523 947 1593 είσω.
998 1528 1106 1594 Versu
1132 1525 1179 1593 ul-

173 1638 251 1702 timo
274 1633 385 1722 αὐχεῖς
408 1645 593 1723 corruptum
615 1637 752 1703 videtur.

431 1922 678 1975 monueramus
698 1923 757 1976 rac
768 1923 836 1992 vu,
855 1919 918 1974 σω.

213 2030 336 2124 Ἕβρον
356 2037 412 2103 καὶ
434 2033 555 2117 Δήλοιο
578 2031 704 2102 κλύδων
724 2039 825 2122 μέσος
846 2030 903 2102 νῖα
925 2037 1097 2120 Μενοίτην

264 2141 325 2214 σύν
347 2143 460 2238 φόρτῳ
481 2147 622 2234 Σαμίου
643 2144 746 2237 κρύψε
767 2149 960 2238 Διοφανίος,

217 2263 263 2336 είς
283 2252 378 2325 ὅσιον
399 2254 583 2326 σπεύδοντα
604 2253 709 2326 πλόον
731 2254 839 2346 τοίχος.
866 2253 954 2325 ἀλλὰ
977 2257 1140 2327 θάλασσα

261 2364 369 2459 ἐχθρή
390 2373 447 2436 καὶ
468 2367 576 2456 νούσῳ
600 2364 726 2460 πατρὸς
747 2374 976 2459 ἐπειγομένοις.

174 2504 292 2570 Mirum
315 2515 364 2570 cst
385 2505 615 2594 Apolloniden
637 2509 671 2571 in
692 2501 891 2595 Διοφύνεος,
914 2508 942 2571 si
963 2507 1026 2570 hoc
1047 2507 1176 2570 nomine

173 2619 221 2682 uti
248 2615 366 2698 voluit,
394 2616 675 2706 antepenultimam
702 2616 883 2706 producere
910 2616 1058 2683 maluisse
1084 2639 1176 2703 quam
1250 2685 1252 2690 ,

173 2728 313 2794 scribere
347 2725 498 2819 κμύιματο
527 2725 719 2821 Διοφάνενς.
774 2728 841 2796 Sed
867 2730 993 2816 scripsit
1021 2728 1079 2794 ille
1107 2731 1176 2794 sine

174 2839 273 2906 dubio
294 2835 513 2934 Λεωφύνεος,
541 2841 629 2929 quod
657 2863 776 2908 nomen
803 2839 916 2920 habes,
945 2850 981 2906 ut
1001 2839 1063 2904 alia
1087 2843 1177 2905 omit-

174 2963 246 3033 tam,
268 2955 302 3018 in
324 2951 419 3020 titulo
434 2953 622 3040 smyrnensi
642 2952 729 3041 apud
742 2952 942 3018 Boeckhium
960 2949 1175 3038 Corp.1nscr.

173 3065 217 3145 ll,
242 3088 274 3152 p.
299 3068 377 3145 701,
406 3088 437 3130 n.
460 3067 564 3148 3140,
585 3068 617 3132 5.
668 3067 776 3130 Versu
802 3067 899 3131 tertio
931 3062 1095 3152 eleganter
1121 3065 1176 3127 Ja-

175 3177 302 3243 cobsius
326 3181 466 3243 coniecit
486 3174 592 3246 πλόον
611 3177 713 3255 τέλος.
753 3176 797 3242 At
817 3178 939 3243 servari
959 3185 1069 3262 potest
1091 3175 1176 3241 edita

173 3289 287 3370 lectio,
315 3292 343 3354 si
362 3290 466 3356 verbo
489 3285 638 3357 σπεύδειν
659 3311 720 3378 pro
742 3289 870 3355 facticio
897 3297 996 3376 poeta
1021 3309 1097 3352 usus
1119 3297 1175 3366 est

174 3411 211 3466 ut
232 3406 277 3479 είς
293 3396 386 3467 ὅσων
400 3396 548 3468 σπεύδων
561 3397 667 3468 πλόον
679 3396 780 3487 τάχος
801 3403 844 3466 sit
864 3400 1035 3488 pietatis
1058 3421 1174 3465 causa

174 3534 314 3578 cursus
337 3512 591 3579 celeritatem
612 3514 825 3579 festinans.
862 3512 986 3578 Ultimo
1009 3533 1106 3578 versu
1121 3513 1176 3576 Ja-

174 3625 302 3690 cobsius
325 3620 413 3709 νόσῳ
435 3624 573 3712 explicat
594 3629 629 3690 ίν
651 3619 748 3710 νόσῳ,
772 3618 875 3691 νόσον
896 3629 999 3690 ἕνεκα.
1042 3625 1175 3690 Rectius
1269 3701 1273 3712 ¹

174 3739 293 3823 opinor
321 3731 523 3822 ἐπειγόμενοι
551 3736 834 3823 interpretabimur
862 3735 904 3800 de
931 3738 972 3802 iis
1001 3737 1055 3823 qui
1076 3738 1175 3822 patris

173 3849 287 3914 morbo
317 3846 358 3914 ad
390 3851 513 3914 itineris
549 3848 743 3914 celeritatem
771 3850 973 3937 instigantau.
1025 3846 1176 3912 Similiter

174 3962 380 4049 σπίρχεσδαι
408 3958 487 4026 dixit
512 3961 682 4027 Phaennus
710 3960 805 4027 anth.
834 3960 901 4025 Pal.
923 3960 1000 4039 Vll,
1024 3961 1087 4026 437-
1112 3946 1184 4045 χαὲ

173 4073 262 4158 λεπῷ
284 4068 503 4160 σπερχόμενος
523 4074 664 4158 πολέμῳ.
