3026 4816
317 455 370 510 166
582 450 842 510 annonario
870 450 1056 510 Clll'l'lCA.

316 598 480 692 ἥρπασαν.
525 605 653 669 Vereor
681 614 786 671 tamen
815 627 856 670 ne
882 603 970 671 aliud
991 604 1099 670 lateat.
1145 607 1254 672 Possis
1277 608 1325 691 τῷ

316 715 421 799 καλῷ,
449 725 486 780 ut
513 716 599 803 apud
621 717 774 783 Rufinum
796 717 891 782 Anth.
920 716 988 782 Pal.
1011 718 1053 798 V,
1076 719 1119 784 62
1148 711 1238 784 οὔπω
1261 721 1324 784 σοῦ

315 819 355 891 τὸ
382 821 487 892 καλὸν
510 822 631 914 χρόνος
659 828 800 913 ἔσβεσεν.
851 827 943 894 Alius
970 829 1069 896 Anth.
1093 829 1161 895 Pal.
1183 832 1256 909 XII,
1278 832 1323 896 66

316 942 429 1024 μηκέτι
450 932 534 1027 πρὸς
554 933 594 1005 τὸ
615 933 719 1006 καλὸν
739 941 796 1006 καὶ
811 936 851 1007 σύ
872 936 1001 1027 μάταια
1019 944 1111 1034 φέρῃ,
1133 942 1190 1007 ubi
1212 941 1323 1032 legen-

317 1049 391 1116 dum
413 1050 540 1116 videtur
561 1051 618 1116 καὶ
640 1045 696 1130 σύ,
723 1047 857 1138 μάταιε,
886 1056 998 1143 φέρον.
1050 1052 1253 1119 Probabilius
1276 1063 1323 1118 ta-

316 1183 390 1226 men
405 1161 533 1228 videtur
553 1163 600 1247 τῷ
620 1159 740 1241 κάλλει,
762 1161 850 1249 quod
867 1162 947 1229 alter
961 1186 1072 1232 versus
1087 1165 1156 1231 lere
1172 1165 1304 1254 flagitat.
1338 1241 1340 1246 ¹

403 1276 505 1339 XXV.
538 1277 597 1340 Vs.
613 1277 634 1340 4
656 1278 683 1340 si
704 1297 815 1341 sanum
831 1285 879 1340 est
893 1276 1034 1355 διαθείς,
1056 1276 1148 1343 locus
1165 1274 1321 1342 eiusmodi

317 1387 469 1474 exemplis
491 1386 642 1453 tutandus
667 1397 715 1452 est
737 1387 843 1475 qualia
865 1387 956 1453 attuli
980 1387 1103 1455 Cumic.
1125 1409 1231 1477 graec.
1253 1387 1320 1452 vol.

316 1498 365 1561 lv
386 1499 490 1565 Praei.
512 1501 614 1587 p.10.
658 1500 779 1563 Nescio
802 1508 908 1564 tamen
931 1523 972 1565 an
993 1510 1143 1588 praestet,
1165 1495 1207 1581 ἢν
1229 1500 1264 1565 δέ
1286 1496 1316 1585 μ’

318 1608 407 1702 ἀφῇς
428 1611 502 1692 ζῆν,
523 1604 587 1676 κᾶν
608 1611 731 1701 &castrig
752 1605 879 1677 τούτων
896 1613 1047 1700 χείρονα,
1070 1606 1275 1698 κωμάσομσω.

404 1724 518 1787 XXVI.
563 1721 813 1809 Corruptissimo
843 1727 974 1788 carmini
1003 1725 1063 1789 etsi
1088 1722 1168 1788 nihil
1189 1744 1321 1811 magno-

315 1855 393 1921 pere
416 1835 533 1899 aflerre
555 1856 686 1922 possum
707 1833 859 1914 medelae,
882 1845 957 1900 sunt
977 1845 1083 1900 tamen
1099 1856 1179 1922 quae
1202 1838 1319 1900 rectius

317 1949 468 2012 constitui
490 1967 587 2034 posse
609 1946 716 2012 credo.
755 1945 999 2033 Comparandus
1024 1958 1128 2015 autem
1143 1946 1319 2013 simillimus

316 2059 407 2126 locus
423 2058 565 2125 Alexidis
584 2057 670 2146 apud
684 2059 798 2124 Athen.
814 2060 867 2138 ΙΙΙ,
881 2083 913 2148 p.
931 2063 994 2127 117
1011 2084 1038 2126 e.
1062 2061 1203 2148 (Fragm.
1224 2056 1317 2125 Com.

212 2187 214 2198 '
316 2194 420 2261 graec.
435 2171 501 2237 vol.
517 2171 574 2251 ΙΙΙ,
596 2194 627 2257 p.
644 2171 723 2248 389)
746 2166 889 2256 ἀβάκιον
911 2168 1052 2264 ψήφων·
1074 2175 1156 2258 λέγε.
1192 2175 1231 2237 Β.
1254 2168 1314 2238 ἔστ’

316 2278 519 2372 ὠμοτάριχος
553 2286 647 2348 πέντε
670 2283 811 2368 χαλκῶν.
856 2283 892 2348 Α.
924 2281 985 2369 λέγ’
1018 2289 1137 2372 ἕτερον.
1190 2285 1228 2349 Β.
1258 2287 1321 2370 μῦς

317 2389 400 2461 ἑπτὰ
417 2396 558 2481 χαλκῶν.
597 2395 634 2460 Α.
658 2391 752 2461 οὐδὲν
775 2391 904 2480 ἀσεβεῖς
927 2392 1062 2461 οὐδέπω.
1085 2398 1166 2482 λέγε.
1200 2397 1238 2462 Β.
1254 2398 1320 2463 τῶν

316 2509 432 2593 ἐχίνων
459 2502 590 2592 ὀβολός.
641 2508 679 2571 Α.
709 2501 854 2590 ἁγνεύεις
881 2507 937 2572 ἔτι.
987 2509 1029 2570 V.
1054 2510 1072 2572 l
1102 2511 1168 2575 τῶν
1196 2511 1320 2597 καρίων

317 2617 397 2706 ἡμῖν
418 2614 499 2704 λάβε
521 2615 680 2694 κωλακας.
710 2621 733 2682 J
735 2618 882 2684 acobsius
898 2628 1001 2684 tentat
1014 2620 1080 2684 τῶν
1093 2617 1223 2707 καρύων
1237 2618 1320 2706 ἡμῖν

275 2735 277 2741 ’
316 2727 398 2817 λάβε
427 2728 584 2819 σώρακον.
635 2732 744 2796 Nuces
766 2732 818 2794 hic
839 2734 940 2798 minus
967 2742 1042 2818 apte
1073 2754 1320 2799 commemorau-

317 2855 376 2909 tur.
422 2845 500 2909 Nou
529 2842 668 2909 dubitari
695 2852 804 2930 potest
825 2841 958 2930 quin'in
979 2844 1085 2909 verbis
1108 2846 1174 2910 τῶν
1195 2845 1320 2933 καρίων

317 2959 402 3020 servi
423 2977 542 3020 nomen
563 2954 671 3020 lateat.
704 2957 813 3021 Possis
829 2951 953 3044 Ζώπνρ
979 2950 1037 3023 lain
1058 2954 1138 3042 ἡμῖν
1152 2952 1243 3048 λάβε,
1265 2956 1319 3021 vel

318 3069 505 3156 Ζωπυρίων.
543 3067 609 3133 Sed
630 3090 740 3133 verum
763 3067 890 3134 videtur
905 3071 1091 3158 Ζωνωρίων,
1114 3072 1204 3134 cuius
1218 3072 1321 3135 nomi-

227 3226 230 3234 *
316 3185 366 3246 nis
389 3184 448 3246 etsi
470 3179 591 3246 nullum
611 3179 787 3266 exemplum
802 3181 916 3260 habeo,
939 3191 1045 3246 tamen
1059 3185 1232 3247 rectissime
1254 3182 1321 3247 for-

316 3304 433 3359 matum
457 3302 514 3358 est.
552 3291 712 3378 Compara
728 3294 941 3381 Πνγμαρίων,
970 3295 1138 3382 Τιμαρίων
1161 3304 1193 3359 et
1208 3293 1270 3358 alia
1285 3293 1319 3358 id
1373 3369 1378 3378 ,

317 3429 420 3496 genus
448 3406 549 3493 plura.
600 3405 638 3469 lu
664 3400 814 3482 κωλακας
842 3426 910 3470 non
945 3405 1045 3471 edulii
1073 3428 1191 3471 nomen
1218 3405 1319 3471 latere

316 3519 451 3599 videtur,
473 3515 531 3582 sed
554 3515 635 3580 alius
657 3519 703 3581 rei
724 3517 765 3582 ad
788 3521 927 3583 convivii
942 3517 1095 3584 luxuriem
1110 3521 1319 3584 necessariae.

317 3630 369 3696 Ad
391 3651 523 3696 coenam
547 3651 627 3717 quae
648 3630 898 3716 requirebantur,
922 3653 958 3696 ea
981 3633 1043 3696 iam
1067 3635 1180 3696 emisse
1193 3653 1319 3696 servum

318 3766 356 3808 er
390 3742 597 3830 sequentibus
625 3742 822 3830 intelligitur.
874 3743 986 3808 Verba
1021 3737 1107 3808 ἀλλὰ
1138 3737 1218 3809 πόθ’
1250 3738 1321 3823 ἥξει

316 3858 426 3922 nescio
457 3877 497 3918 an
526 3857 570 3920 ita
598 3854 765 3920 scribenda
787 3858 852 3921 sint
873 3853 940 3922 ἀλλ’
967 3853 1135 3935 ἀπσλέξεις
1160 3855 1212 3921 vel
1235 3852 1320 3920 ἀπο-

316 3965 400 4060 λέξῃ.
452 3966 578 4052 Quibus
607 3979 726 4032 monet
745 3966 893 4033 dominus
916 3991 1041 4034 servum
1063 3978 1099 4034 ut
1121 3966 1264 4033 delectos
1289 3975 1321 4031 et

318 4083 447 4146 eximios
476 4075 625 4157 κώλακεες
648 4081 770 4146 alferat.
816 4082 913 4145 vsa
942 4079 1013 4146 cod.
1036 4079 1102 4146 τῶν
1124 4079 1265 4167 ῥοδίνων
1286 4100 1321 4143 τε
