3028 4826
524 442 843 506 conmortuus.
944 529 947 536 Ι
1078 439 1195 500 cor·
1279 427 1282 432 ’

184 611 234 666 ter
261 594 357 688 ῥάχιν
384 619 444 685 pro
466 592 577 682 πάγην
597 595 800 662 scribendum
823 617 893 661 esse
915 604 1093 689 praecepit,
1121 623 1186 690 quo

183 712 279 798 plane
302 710 406 776 aliena
428 709 468 774 ab
490 707 650 774 hocloco
674 712 832 774 sententia
854 720 973 795 poetae
995 712 1186 780 obtruditur.

184 822 270 889 Vide
293 826 392 912 igitur
414 843 456 887 an
475 841 537 908 pro
561 816 671 900 ὀξείην
691 817 893 886 scribendum
916 825 961 887 sit
978 820 1124 906 ὀξνίνην,
1146 825 1187 891 ab

185 929 282 1014 όξόα,
311 954 375 1021 quo
405 932 528 998 arboris
557 953 677 1021 genere
698 935 876 1018 piscatores
904 933 945 999 ad
972 935 1187 1002 conficiendas

107 1065 110 1071 ’
185 1045 356 1111 arundines
378 1065 455 1110 usos
479 1066 548 1110 esse
570 1065 769 1130 nequaquam
790 1045 1001 1132 improbabile
1024 1057 1081 1113 est.
1119 1048 1189 1113 Illa-
1254 1129 1257 1134 Ι

185 1161 235 1246 gis
259 1160 352 1222 etiam
372 1157 515 1243 placeret
537 1159 624 1222 oinct
624 1177 693 1236 νην.
728 1157 837 1222 Versu
859 1160 971 1245 quinto
985 1157 1188 1260 probandum

185 1270 314 1335 videtur
336 1269 425 1356 quod
446 1266 605 1360 Planudes
628 1265 766 1334 habet’
748 1291 854 1370 αγννμ
856 1273 921 1349 sm
948 1269 1035 1356 quod
1055 1253 1188 1377 verbum

187 1383 228 1448 de
250 1385 337 1468 pisce
360 1383 459 1469 spinis
480 1379 594 1468 pleno,
624 1381 726 1468 qualis
747 1365 862 1468 phycis
886 1390 947 1461 est,
969 1385 1044 1446 satis
1067 1403 1189 1447 accom-
1240 1405 1241 1410 ¹

118 1504 120 1508 '
185 1494 315 1560 modate
345 1492 469 1558 dicitur.
520 1489 667 1558 Certe’
648 1516 756 1578 αγρνμ
758 1497 814 1573 ένη
842 1513 910 1557 nou
937 1497 1037 1582 magis
1058 1493 1189 1582 probari

186 1616 309 1693 potest,
332 1626 424 1692 quam
447 1603 534 1691 quod
556 1606 587 1669 J.
610 1603 650 1670 G.
674 1601 887 1670 Schneiderus
911 1607 940 1669 ei
963 1605 1112 1672 substitui
1132 1623 1189 1671 vos

64 1801 66 1806 Ι
186 1718 249 1783 luit
270 1714 450 1805 άγρομένη,
480 1715 567 1803 quod
595 1714 651 1781 ille
673 1719 754 1781 miro
778 1738 888 1782 errore
910 1716 952 1781 ad
977 1714 1083 1807 άγρέω
1104 1728 1190 1784 retu-

186 1829 232 1895 lit
283 1830 462 1894 Piscatores
484 1827 659 1894 minutulos
680 1830 786 1916 pisces
809 1828 958 1894 dentibus
979 1851 1111 1896 necasse
1132 1852 1189 1897 uo-
1301 1917 1305 1924 ι

187 1950 252 2006 tum
276 1950 334 2005 est.
368 1940 477 2028 ltaque
499 1950 604 2006 totum
627 1943 818 2029 epigramma
840 1944 884 2007 ita
900 1939 1103 2065 scribentium
1119 1963 1189 2007 esse

187 2051 327 2117 videtur:

227 2159 531 2251 ἸγδυοδηρητηραΙ
547 2164 638 2229 Mart
624 2166 784 2252 έστρατον
805 2156 968 2231 άλεσιν’
945 2187 1031 2252 αγρη

277 2268 436 2352 δοόνακος
457 2272 611 2360 ἐξαμίτης
633 2280 668 2340 ἐκ
689 2270 799 2363 τριχός
819 2276 984 2360 ἑλκομένη,

234 2381 324 2469 ιῖδαρ
347 2379 396 2450 ὅτ’
416 2382 606 2471 άγκίστρον,
630 2380 749 2476 φόνιον
769 2381 911 2465 πλάνον,
933 2383 1168 2478 άμφιχανοῦσα

277 2493 409 2576 όξοῒνην
430 2491 558 2584 ἐρυθρὴ
581 2499 679 2588 φοκὶς
699 2496 809 2589 ἔφριξε
829 2493 950 2583 πάγην.

233 2605 397 2694 άγννμένη
420 2605 450 2673 δ
468 2604 524 2674 ὑπ’
543 2603 655 2674 ὀδόντι
675 2614 870 2676 κατέκτανεν
892 2605 1016 2694 άλματι
1035 2601 1149 2695 λάβρῳ

277 2715 373 2795 ἐντός
394 2715 588 2809 ὀλισθηρῶν
609 2720 775 2806 δασαμένη
798 2716 965 2812 φαρόγων.

189 2847 255 2916 Sed
278 2847 319 2913 de
342 2855 456 2934 quarto
477 2853 574 2912 versu
597 2849 690 2911 etiam
713 2847 775 2912 alia
796 2851 979 2915 coniectura
999 2847 1034 2911 in
1055 2854 1192 2910 mentem

188 2963 287 3026 veuit.
339 2961 491 3025 Fortasse
521 2961 604 3023 enim
633 2980 693 3045 pro
716 2958 826 3049 ἔφριξε
847 2957 1048 3025 scribendum
1070 2954 1191 3045 δβρνξι.

191 3072 268 3158 Quo
304 3070 443 3138 admisso
479 3068 571 3152 ὀξεῖα
603 3066 694 3156 πάγη
728 3081 816 3137 recte
856 3072 898 3138 de
931 3091 1024 3136 nassa
1055 3067 1193 3156 intelligi

190 3193 308 3270 potest.

520 3413 863 3485 incarceratum.
907 3472 909 3477 ,

238 3525 376 3615 Φεόγτιν
398 3523 438 3610 δὴ
461 3525 520 3596 τόν
534 3525 663 3619 Ἔρωτα
684 3515 778 3608 κενός
797 3523 913 3607 πόνος·
936 3525 976 3596 οὐ
997 3519 1062 3619 γάρ
1085 3522 1192 3608 ἀλύξω

278 3634 375 3720 πεζός
395 3636 460 3707 ὑπό
481 3642 608 3722 πτηνοῦ
628 3635 735 3708 πυκνά
757 3636 962 3728 διωκόμενος.

192 3776 321 3843 Nullam
342 3777 439 3842 bic
408 3800 472 3843 vim
494 3775 592 3842 babet
613 3777 768 3864 particula
790 3772 840 3857 δή,
861 3797 922 3862 pro
939 3798 1000 3862 qua
1023 3798 1119 3862 quum
1141 3797 1195 3841 co-

192 3889 254 3954 dex
275 3888 392 3954 habeat
414 3890 477 3968 δεῖ,
504 3898 650 3976 apertum
672 3898 722 3954 est
742 3887 943 3953 scribendum
970 3908 1039 3952 esse
1061 3882 1193 3979 φεύγειν

193 4001 243 4067 διι
266 3995 324 4068 τόν
338 3996 484 4086 Ἔρωτα,
505 3993 599 4078 κενός
620 3995 731 4078 πόνος
963 4019 965 4024 ·
