3028 4826
316 457 370 511 2⁰4
659 452 978 514 coalueram.

316 607 416 686 matis,
443 597 505 690 ἐγώ
532 601 602 670 δ’ὁ
630 605 734 690 λέγων
760 603 913 692 τώτρεκὲς
938 600 1014 672 οἶδα
1034 602 1153 692 μόνος,
1181 621 1322 675 nonest

318 740 374 782 cur
395 715 565 782 recedatur
586 697 605 781 a
626 716 767 783 lectione
789 717 861 783 cod.
884 717 961 796 Pal„
985 722 1039 804 qui
1060 719 1159 784 habet
1180 716 1320 806 ἀτρεκές,
1369 801 1375 814 .

317 828 405 915 quod
426 851 486 916 pro
515 827 669 894 adverbio
692 829 800 909 valet,
820 829 1084 915 quemadmodum
1114 829 1198 917 apud
1221 830 1322 896 Glau-

273 975 276 982 ,
317 964 387 1006 cum
408 941 504 1007 Anii.
526 921 593 1005 Pal.
616 940 676 1019 IX,
697 942 760 1029 341
786 935 930 1029 Νύμφαι
949 944 1146 1026 πευθομένῳ
1169 919 1340 1030 φροέσατ’Δ

316 1049 454 1140 ἀτρεκές,
474 1055 504 1118 ai
524 1046 717 1137 παροδεύων
731 1045 861 1140 Δώφυις
882 1045 942 1128 τὰς
955 1047 1071 1129 λευκὰς
1086 1043 1141 1118 ὧδ’
1157 1049 1314 1118 ἀνέπαυσ’

316 1163 459 1253 ἐρίφους,

552 1371 801 1428 cauuiuaciius
822 1375 943 1438 append.
960 1375 1021 1426 rao.
1039 1371 1083 1425 ιο.
1159 1337 1162 1344 ’

351 1475 564 1570 ’Κρεωφύλου
585 1474 689 1556 πόνος
710 1480 775 1565 ελμὶ
798 1473 888 1563 δόμῳ
910 1481 989 1545 ποτὲ
1011 1480 1111 1544 θεῖον
1132 1472 1248 1544 ἀοιδόν

403 1589 596 1677 δεξαμένου·
610 1591 719 1655 »κλαίω
743 1586 773 1654 δ’
792 1583 947 1681 Εὔρυτον,
964 1585 1037 1656 ὅσσ’
1056 1590 1194 1668 ἕκαθεν,

316 1712 318 1719 ’
358 1705 414 1769 καὶ
435 1696 569 1783 ξανθὴν
585 1693 744 1767 Ἰόλειαν·
763 1695 937 1788 Ὁμήρειου
960 1702 994 1766 δὲ
1015 1702 1174 1785 καλοῦμαι

401 1808 554 1901 γράμμα·
576 1806 782 1902 Κρεωφώλῳ,
804 1813 870 1877 Ζεῦ
891 1811 981 1902 φίλε,
1003 1813 1101 1877 τοῦτο
1122 1811 1216 1897 μέγα.

314 1950 522 2014 Notissimum
545 1951 736 2036 epigramma
760 1957 801 2033 et¹
814 1945 854 2011 ad
876 1944 1119 2038 intelligendum
1134 1944 1316 2010 facillimum

314 2058 461 2124 nonnihil
475 2069 581 2125 tamen
596 2058 803 2149 dubitationis
819 2057 913 2122 affert
927 2065 1059 2143 propter
1073 2078 1191 2122 nomen
1203 2052 1317 2145 Κρεώ-

174 2199 179 2210 ·
315 2169 433 2261 φυλος,
462 2172 550 2236 cuius
571 2169 686 2257 triplex
707 2157 776 2234 fere
798 2171 832 2232 in
860 2167 950 2232 libris
972 2170 1127 2254 scriptura
1150 2171 1316 2256 reperitur,

313 2277 521 2371 Κρεώφιλος,
550 2275 763 2380 Κρεώφυλος,
793 2275 990 2371 Κρεόφιλος.
1034 2280 1086 2345 De
1111 2281 1160 2344 his
1183 2284 1236 2367 qui
1258 2302 1316 2345 nu-

313 2396 456 2481 perrime.
486 2394 563 2459 dixit
591 2392 666 2459 Car.
698 2391 823 2457 Keilius
851 2394 886 2455 in
919 2391 1099 2477 Speciminc
1129 2391 1314 2458 Onomatol.

313 2527 418 2594 graec.
441 2529 473 2593 p.
497 2509 540 2572 69
563 2527 608 2592 sq.
631 2508 723 2570 unice
750 2502 868 2590 probat
888 2495 1105 2592 Κρεώφυλος,
1134 2502 1192 2568 sed
1214 2507 1258 2568 ita
1279 2513 1317 2568 ut

313 2638 381 2683 non
404 2639 423 2681 a
443 2621 540 2706 κρέας
561 2618 624 2683 hoc
645 2637 764 2683 numen
787 2613 844 2680 sed
867 2636 885 2678 a
906 2618 1009 2702 κρέων
1031 2613 1238 2694 derivandum
1258 2638 1323 2702 pus
1437 2644 1440 2650 ·

192 2754 197 2766 ·
314 2725 371 2809 λοι,
390 2739 426 2795 ut
447 2724 646 2819 Κρεώφυλος
669 2726 754 2792 idem
777 2729 819 2791 sit
840 2728 894 2812 qui
920 2721 1101 2829 Φίλαρχος.
1146 2726 1212 2793 Sed
1233 2727 1317 2792 hanc

315 2841 441 2930 quidem
463 2843 634 2921 rationem,
662 2849 698 2905 ut
718 2841 838 2903 mittam
860 2859 979 2902 nomen
1002 2860 1040 2903 ex
1061 2842 1163 2925 κρέων
1186 2859 1316 2926 compo-

237 2942 241 2949 ’
313 2956 407 3018 situm
440 2955 621 3018 necessario
658 2960 714 3016 aut
747 2946 1001 3038 Κρεοντόφυλος
1036 2960 1090 3014 aut
1122 2951 1315 3034 Φυλοκρέωυ

314 3064 516 3140 formandum
538 3065 645 3143 fuisse,
670 3065 786 3127 erroris
810 3064 971 3127 convincit
991 3060 1045 3126 vel
1066 3061 1138 3141 hoc,
1160 3060 1248 3148 quod
1268 3064 1314 3126 ita
1382 3125 1385 3132 ,

314 3180 342 3243 si
363 3177 511 3242 scribitur
531 3196 649 3240 nomen
670 3172 759 3253 illua
785 3157 872 3237 nihii
885 3171 1011 3238 ridiculi
1031 3172 1136 3253 habet
1159 3172 1245 3260 quoa
1266 3174 1316 3238 in-

316 3291 386 3354 esse
417 3290 447 3352 ci
475 3295 610 3351 testatur
636 3285 730 3351 Plato
758 3282 898 3372 Republ.
927 3286 970 3363 X,
999 3308 1030 3371 p.
1054 3287 1119 3350 600
1141 3309 1168 3350 c.
1201 3281 1220 3350 ὁ
1249 3276 1314 3372 γὰρ
1449 3282 1452 3288 ’

298 3389 522 3489 ’Κρεώφιλος,
547 3389 574 3462 ὦ
594 3393 781 3484 Σώκρατες,
801 3393 879 3472 ἴσως
901 3391 919 3460 ὁ
942 3397 1002 3460 τοῦ
1019 3391 1165 3483 Ὁμήρου
1185 3399 1315 3484 ἑταῖρος

314 3511 374 3577 τοῦ
402 3505 572 3595 ὀνόματος.
593 3503 636 3573 ἂν
657 3503 859 3596 γελοιότερος
887 3509 934 3572 ἔτι
961 3507 1044 3595 πρὸς
1071 3508 1225 3573 παιδείαν
1245 3531 1314 3598 φα-
1350 3547 1352 3550 .

312 3626 393 3703 νείη,
415 3626 443 3687 εὶ
464 3613 507 3687 τὰ
528 3614 689 3707 λεγόμενα
709 3621 784 3707 περὶ
802 3614 946 3705 Ὀμήρου
961 3616 1088 3701 ἀληθῆ.
1126 3620 1237 3706 Itaque
1258 3640 1316 3707 ge-

295 3739 441 3802 uuinam
469 3733 605 3799 nominis
640 3717 825 3818 scripturam
853 3730 951 3797 fuisse
985 3731 1082 3796 credo
1102 3726 1315 3832 ,Κρεώφιλος

82 3839 87 3848 =
217 3861 220 3864 ¹
314 3868 396 3935 (1⁰³⁰
419 3843 627 3912 CaffimsschiO
658 3845 874 3932 epigrammati
901 3845 945 3908 ita
967 3843 1117 3909 facillime
1139 3864 1315 3909 accommo-

313 3958 383 4024 dari
397 3967 514 4046 potest,
528 3967 565 4022 ut
577 3979 673 4023 versu
686 3958 789 4044 primo
804 3955 1009 4048 Κρειοφίλου
1024 3965 1056 4022 et
1070 3965 1182 4043 quarto
1194 3955 1314 4045 Κρειο-

215 4129 216 4133 ,
314 4071 401 4161 φίλῳ
424 4070 586 4135 scribatur.
