<?xml version="1.0" encoding="UTF-8"?>
<!DOCTYPE html PUBLIC "-//W3C//DTD XHTML 1.0 Transitional//EN"
    "http://www.w3.org/TR/xhtml1/DTD/xhtml1-transitional.dtd">
<html xmlns="http://www.w3.org/1999/xhtml" xml:lang="en" lang="en">
 <head>
  <title>
</title>
<meta http-equiv="Content-Type" content="text/html;charset=utf-8" />
  <meta name='ocr-system' content='tesseract 3.04.00' />
  <meta name='ocr-capabilities' content='ocr_page ocr_carea ocr_par ocr_line ocrx_word'/>
</head>
<body>
  <div class='ocr_page' id='page_1' title='image "./delectuspoetaru00meingoog_0243.png"; bbox 0 0 3028 4826; ppageno 0'>
   <div class='ocr_carea' id='block_1_1' title="bbox 330 463 990 524">
    <p class='ocr_par' dir='ltr' id='par_1_1' title="bbox 330 463 990 524">
     <span class='ocr_line' id='line_1_1' title="bbox 330 463 990 524; baseline 0.003 -2"><span class='ocrx_word' id='word_1_1' title='bbox 330 467 384 522; x_wconf 80' lang='lat'><strong>218</strong></span> <span class='ocrx_word' id='word_1_2' title='bbox 671 463 990 524; x_wconf 69' lang='lat' dir='ltr'><strong>contuendns.</strong></span> 
     </span>
    </p>
   </div>
   <div class='ocr_carea' id='block_1_2' title="bbox 374 669 1338 1206">
    <p class='ocr_par' dir='ltr' id='par_1_2' title="bbox 374 669 1338 1206">
     <span class='ocr_line' id='line_1_2' title="bbox 639 669 1020 742; baseline 0.003 -19"><span class='ocrx_word' id='word_1_3' title='bbox 639 672 783 726; x_wconf 73' lang='grc' dir='ltr'><strong><em>εποντο</em></strong></span> <span class='ocrx_word' id='word_1_4' title='bbox 801 673 860 725; x_wconf 78' lang='lat' dir='ltr'><strong>ran</strong></span> <span class='ocrx_word' id='word_1_5' title='bbox 874 674 941 742; x_wconf 70' lang='grc' dir='ltr'><strong><em>τοι,</em></strong></span> <span class='ocrx_word' id='word_1_6' title='bbox 959 669 1020 725; x_wconf 78' lang='lat'><strong>171.</strong></span> 
     </span>
     <span class='ocr_line' id='line_1_3' title="bbox 376 773 1338 876; baseline 0.001 -24"><span class='ocrx_word' id='word_1_7' title='bbox 376 787 484 874; x_wconf 81' lang='grc' dir='ltr'><strong><em>Μέχρι</em></strong></span> <span class='ocrx_word' id='word_1_8' title='bbox 504 787 594 864; x_wconf 83' lang='grc' dir='ltr'><strong><em>τίνος</em></strong></span> <span class='ocrx_word' id='word_1_9' title='bbox 613 786 766 872; x_wconf 80' lang='grc' dir='ltr'><strong><em>πολεμεῖς</em></strong></span> <span class='ocrx_word' id='word_1_10' title='bbox 779 774 857 873; x_wconf 78' lang='grc' dir='ltr'><strong>μ’άί</strong></span> <span class='ocrx_word' id='word_1_11' title='bbox 878 789 1015 876; x_wconf 79' lang='grc' dir='ltr'><strong><em>φίλτατε</em></strong></span> <span class='ocrx_word' id='word_1_12' title='bbox 1031 773 1140 873; x_wconf 73' lang='grc' dir='ltr'><strong><em>Κῦρες</em></strong></span> <span class='ocrx_word' id='word_1_13' title='bbox 1162 788 1196 852; x_wconf 89' lang='grc' dir='ltr'><strong>τί</strong></span> <span class='ocrx_word' id='word_1_14' title='bbox 1212 794 1338 871; x_wconf 65' lang='lat' dir='ltr'><strong>nocete,-</strong></span> 
     </span>
     <span class='ocr_line' id='line_1_4' title="bbox 417 890 1167 984; baseline 0 -22"><span class='ocrx_word' id='word_1_15' title='bbox 417 890 478 964; x_wconf 82' lang='grc' dir='ltr'><strong>τὸν</strong></span> <span class='ocrx_word' id='word_1_16' title='bbox 499 890 560 963; x_wconf 85' lang='grc' dir='ltr'><strong>σὸν</strong></span> <span class='ocrx_word' id='word_1_17' title='bbox 581 893 770 984; x_wconf 82' lang='grc' dir='ltr'><em>Καμβύσην</em></span> <span class='ocrx_word' id='word_1_18' title='bbox 791 895 849 964; x_wconf 81' lang='grc' dir='ltr'><strong>οὐκ</strong></span> <span class='ocrx_word' id='word_1_19' title='bbox 871 900 986 981; x_wconf 79' lang='grc' dir='ltr'><strong><em>ὲλεεῖς;</em></strong></span> <span class='ocrx_word' id='word_1_20' title='bbox 1008 899 1080 984; x_wconf 78' lang='grc' dir='ltr'><strong><em>λέγε</em></strong></span> <span class='ocrx_word' id='word_1_21' title='bbox 1100 921 1167 984; x_wconf 89' lang='grc' dir='ltr'><strong><em>μοι.</em></strong></span> 
     </span>
     <span class='ocr_line' id='line_1_5' title="bbox 374 1002 1279 1100; baseline 0.002 -28"><span class='ocrx_word' id='word_1_22' title='bbox 374 1002 421 1092; x_wconf 88' lang='grc' dir='ltr'><strong>μή</strong></span> <span class='ocrx_word' id='word_1_23' title='bbox 441 1009 557 1093; x_wconf 90' lang='grc' dir='ltr'><strong>γίγνου</strong></span> <span class='ocrx_word' id='word_1_24' title='bbox 578 1008 715 1089; x_wconf 80' lang='grc' dir='ltr'><strong><em>Μῆδος·</em></strong></span> <span class='ocrx_word' id='word_1_25' title='bbox 740 1004 862 1087; x_wconf 88' lang='grc' dir='ltr'><strong><em>Σάκας</em></strong></span> <span class='ocrx_word' id='word_1_26' title='bbox 882 1002 947 1093; x_wconf 85' lang='grc' dir='ltr'><strong>γάρ</strong></span> <span class='ocrx_word' id='word_1_27' title='bbox 970 1013 1025 1100; x_wconf 74' lang='lat' dir='ltr'><strong>top</strong></span> <span class='ocrx_word' id='word_1_28' title='bbox 1047 1003 1133 1075; x_wconf 86' lang='grc' dir='ltr'><strong>κατά</strong></span> <span class='ocrx_word' id='word_1_29' title='bbox 1153 1003 1279 1095; x_wconf 87' lang='grc' dir='ltr'><strong><em>μικρόν,</em></strong></span> 
     </span>
     <span class='ocr_line' id='line_1_6' title="bbox 418 1113 1144 1206; baseline 0 -21"><span class='ocrx_word' id='word_1_30' title='bbox 418 1121 475 1185; x_wconf 92' lang='grc' dir='ltr'><strong>καί</strong></span> <span class='ocrx_word' id='word_1_31' title='bbox 498 1140 533 1186; x_wconf 90' lang='grc' dir='ltr'><strong><em>σε</em></strong></span> <span class='ocrx_word' id='word_1_32' title='bbox 553 1113 748 1200; x_wconf 81' lang='grc' dir='ltr'><strong><em>ποιήσουσιν</em></strong></span> <span class='ocrx_word' id='word_1_33' title='bbox 769 1124 805 1185; x_wconf 86' lang='grc' dir='ltr'><strong>αἱ</strong></span> <span class='ocrx_word' id='word_1_34' title='bbox 825 1121 932 1206; x_wconf 82' lang='grc' dir='ltr'><strong><em>τρίχες</em></strong></span> <span class='ocrx_word' id='word_1_35' title='bbox 949 1115 1144 1206; x_wconf 82' lang='grc' dir='ltr'><strong>Ἀστυάγην.</strong></span> 
     </span>
    </p>
   </div>
   <div class='ocr_carea' id='block_1_3' title="bbox 331 1254 1339 1455">
    <p class='ocr_par' dir='ltr' id='par_1_3' title="bbox 331 1254 1339 1455">
     <span class='ocr_line' id='line_1_7' title="bbox 331 1254 1339 1343; baseline -0.001 -22"><span class='ocrx_word' id='word_1_36' title='bbox 331 1257 528 1321; x_wconf 86' lang='lat' dir='ltr'><strong>Sententiam</strong></span> <span class='ocrx_word' id='word_1_37' title='bbox 550 1254 703 1321; x_wconf 89' lang='lat' dir='ltr'><strong>obscaeni</strong></span> <span class='ocrx_word' id='word_1_38' title='bbox 724 1254 813 1322; x_wconf 89' lang='lat' dir='ltr'><strong>lusus</strong></span> <span class='ocrx_word' id='word_1_39' title='bbox 835 1259 961 1343; x_wconf 88' lang='lat' dir='ltr'><strong>aperuit</strong></span> <span class='ocrx_word' id='word_1_40' title='bbox 980 1255 1159 1322; x_wconf 86' lang='lat' dir='ltr'><strong>Jacobsius.</strong></span> <span class='ocrx_word' id='word_1_41' title='bbox 1204 1255 1248 1320; x_wconf 77' lang='lat' dir='ltr'><strong>lt</strong></span> <span class='ocrx_word' id='word_1_42' title='bbox 1269 1278 1339 1320; x_wconf 90' lang='lat' dir='ltr'><strong>me-</strong></span> 
     </span>
     <span class='ocr_line' id='line_1_8' title="bbox 331 1362 1338 1455; baseline 0 -23"><span class='ocrx_word' id='word_1_43' title='bbox 331 1371 410 1452; x_wconf 87' lang='lat' dir='ltr'><strong>trica</strong></span> <span class='ocrx_word' id='word_1_44' title='bbox 430 1365 559 1454; x_wconf 90' lang='lat' dir='ltr'><strong>reliquit</strong></span> <span class='ocrx_word' id='word_1_45' title='bbox 578 1370 671 1445; x_wconf 77' lang='lat' dir='ltr'><strong>vitia3</strong></span> <span class='ocrx_word' id='word_1_46' title='bbox 697 1389 769 1432; x_wconf 93' lang='lat' dir='ltr'><strong>nam</strong></span> <span class='ocrx_word' id='word_1_47' title='bbox 791 1389 898 1454; x_wconf 89' lang='lat' dir='ltr'><strong>neque</strong></span> <span class='ocrx_word' id='word_1_48' title='bbox 918 1362 1041 1446; x_wconf 87' lang='grc' dir='ltr'><strong><em>Σάκας</em></strong></span> <span class='ocrx_word' id='word_1_49' title='bbox 1061 1371 1191 1454; x_wconf 84' lang='lat' dir='ltr'><strong>primam</strong></span> <span class='ocrx_word' id='word_1_50' title='bbox 1212 1365 1338 1455; x_wconf 87' lang='lat' dir='ltr'><strong>produ-</strong></span> 
     </span>
    </p>
   </div>
   <div class='ocr_carea' id='block_1_4' title="bbox 212 1475 1336 1566">
    <p class='ocr_par' dir='ltr' id='par_1_4' title="bbox 212 1475 1336 1566">
     <span class='ocr_line' id='line_1_9' title="bbox 212 1475 1336 1566; baseline 0 -22"><span class='ocrx_word' id='word_1_51' title='bbox 212 1526 216 1536; x_wconf 83' lang='lat'><em>.</em></span> <span class='ocrx_word' id='word_1_52' title='bbox 332 1482 390 1560; x_wconf 92' lang='lat' dir='ltr'><strong>cit,</strong></span> <span class='ocrx_word' id='word_1_53' title='bbox 417 1501 479 1544; x_wconf 90' lang='lat' dir='ltr'><strong>nec</strong></span> <span class='ocrx_word' id='word_1_54' title='bbox 505 1481 539 1544; x_wconf 92' lang='lat' dir='ltr'><strong>in</strong></span> <span class='ocrx_word' id='word_1_55' title='bbox 566 1475 865 1560; x_wconf 76' lang='grc' dir='ltr'><strong><em>ποιήσονσινίεεη·</em></strong></span> <span class='ocrx_word' id='word_1_56' title='bbox 894 1489 1003 1566; x_wconf 88' lang='lat' dir='ltr'><strong>potest</strong></span> <span class='ocrx_word' id='word_1_57' title='bbox 1029 1477 1158 1545; x_wconf 91' lang='lat' dir='ltr'><strong>ultimae</strong></span> <span class='ocrx_word' id='word_1_58' title='bbox 1186 1479 1336 1566; x_wconf 83' lang='lat' dir='ltr'><strong>syllabae</strong></span> 
     </span>
    </p>
   </div>
   <div class='ocr_carea' id='block_1_5' title="bbox 331 1589 1336 1790">
    <p class='ocr_par' dir='ltr' id='par_1_5' title="bbox 331 1589 1336 1790">
     <span class='ocr_line' id='line_1_10' title="bbox 332 1589 1336 1679; baseline -0.002 -23"><span class='ocrx_word' id='word_1_59' title='bbox 332 1589 516 1679; x_wconf 90' lang='lat' dir='ltr'><strong>productio,</strong></span> <span class='ocrx_word' id='word_1_60' title='bbox 551 1613 643 1677; x_wconf 91' lang='lat' dir='ltr'><strong>quam</strong></span> <span class='ocrx_word' id='word_1_61' title='bbox 670 1593 870 1656; x_wconf 89' lang='lat' dir='ltr'><strong>Hermannus</strong></span> <span class='ocrx_word' id='word_1_62' title='bbox 898 1590 1001 1678; x_wconf 90' lang='lat' dir='ltr'><strong>Orph.</strong></span> <span class='ocrx_word' id='word_1_63' title='bbox 1029 1616 1061 1679; x_wconf 94' lang='lat' dir='ltr'><strong>p.</strong></span> <span class='ocrx_word' id='word_1_64' title='bbox 1089 1593 1154 1658; x_wconf 77' lang='lat'><strong>768</strong></span> <span class='ocrx_word' id='word_1_65' title='bbox 1187 1594 1231 1656; x_wconf 85' lang='lat' dir='ltr'><strong>ita</strong></span> <span class='ocrx_word' id='word_1_66' title='bbox 1259 1589 1336 1656; x_wconf 89' lang='lat' dir='ltr'><strong>tolli</strong></span> 
     </span>
     <span class='ocr_line' id='line_1_11' title="bbox 331 1696 1334 1790; baseline -0.003 -22"><span class='ocrx_word' id='word_1_67' title='bbox 331 1703 429 1790; x_wconf 87' lang='lat' dir='ltr'><strong>posse</strong></span> <span class='ocrx_word' id='word_1_68' title='bbox 457 1702 654 1768; x_wconf 82' lang='lat' dir='ltr'><strong>existimabat</strong></span> <span class='ocrx_word' id='word_1_69' title='bbox 688 1712 725 1768; x_wconf 89' lang='lat' dir='ltr'><strong>ut</strong></span> <span class='ocrx_word' id='word_1_70' title='bbox 750 1702 905 1768; x_wconf 80' lang='lat' dir='ltr'><strong>scriberet</strong></span> <span class='ocrx_word' id='word_1_71' title='bbox 932 1705 989 1768; x_wconf 88' lang='grc' dir='ltr'><strong>καὶ</strong></span> <span class='ocrx_word' id='word_1_72' title='bbox 1016 1703 1051 1768; x_wconf 81' lang='grc' dir='ltr'><strong>δέ</strong></span> <span class='ocrx_word' id='word_1_73' title='bbox 1080 1722 1117 1768; x_wconf 89' lang='grc' dir='ltr'><strong><em>σε</em></strong></span> <span class='ocrx_word' id='word_1_74' title='bbox 1143 1696 1334 1782; x_wconf 84' lang='grc' dir='ltr'><strong><em>ποιήσουσ’.</em></strong></span> 
     </span>
    </p>
   </div>
   <div class='ocr_carea' id='block_1_6' title="bbox 220 1813 1173 1902">
    <p class='ocr_par' dir='ltr' id='par_1_6' title="bbox 220 1813 1173 1902">
     <span class='ocr_line' id='line_1_12' title="bbox 220 1813 1173 1902; baseline -0.003 -22"><span class='ocrx_word' id='word_1_75' title='bbox 220 1884 224 1889; x_wconf 68' lang='grc'><em>,</em></span> <span class='ocrx_word' id='word_1_76' title='bbox 332 1817 376 1880; x_wconf 80' lang='lat' dir='ltr'><strong>At</strong></span> <span class='ocrx_word' id='word_1_77' title='bbox 396 1824 531 1902; x_wconf 85' lang='lat' dir='ltr'><strong>possunt</strong></span> <span class='ocrx_word' id='word_1_78' title='bbox 552 1816 631 1880; x_wconf 89' lang='lat' dir='ltr'><strong>haec</strong></span> <span class='ocrx_word' id='word_1_79' title='bbox 652 1813 769 1880; x_wconf 92' lang='lat' dir='ltr'><strong>leniori</strong></span> <span class='ocrx_word' id='word_1_80' title='bbox 793 1814 1015 1881; x_wconf 80' lang='lat' dir='ltr'><strong>emendatione</strong></span> <span class='ocrx_word' id='word_1_81' title='bbox 1036 1816 1173 1880; x_wconf 87' lang='lat' dir='ltr'><strong>restitui:</strong></span> 
     </span>
    </p>
   </div>
   <div class='ocr_carea' id='block_1_7' title="bbox 279 1934 1336 3499">
    <p class='ocr_par' dir='ltr' id='par_1_7' title="bbox 279 1934 1336 3499">
     <span class='ocr_line' id='line_1_13' title="bbox 376 1934 1289 2033; baseline 0 -27"><span class='ocrx_word' id='word_1_82' title='bbox 376 1936 422 2028; x_wconf 87' lang='grc' dir='ltr'><strong>μή</strong></span> <span class='ocrx_word' id='word_1_83' title='bbox 444 1942 558 2027; x_wconf 78' lang='grc' dir='ltr'><em>γίγνου</em></span> <span class='ocrx_word' id='word_1_84' title='bbox 580 1942 710 2022; x_wconf 80' lang='grc' dir='ltr'><strong><em>Μῆδος·</em></strong></span> <span class='ocrx_word' id='word_1_85' title='bbox 732 1937 873 2029; x_wconf 80' lang='grc' dir='ltr'><strong><em>Σάκκας</em></strong></span> <span class='ocrx_word' id='word_1_86' title='bbox 893 1936 958 2030; x_wconf 87' lang='grc' dir='ltr'><strong>γάρ</strong></span> <span class='ocrx_word' id='word_1_87' title='bbox 980 1944 1036 2033; x_wconf 71' lang='lat' dir='ltr'><strong>top</strong></span> <span class='ocrx_word' id='word_1_88' title='bbox 1057 1934 1142 2007; x_wconf 86' lang='grc' dir='ltr'><strong>κατά</strong></span> <span class='ocrx_word' id='word_1_89' title='bbox 1163 1934 1289 2026; x_wconf 87' lang='grc' dir='ltr'><strong><em>μικρόν,</em></strong></span> 
     </span>
     <span class='ocr_line' id='line_1_14' title="bbox 419 2049 1167 2143; baseline -0.001 -24"><span class='ocrx_word' id='word_1_90' title='bbox 419 2056 476 2120; x_wconf 91' lang='grc' dir='ltr'><strong>καί</strong></span> <span class='ocrx_word' id='word_1_91' title='bbox 498 2074 534 2120; x_wconf 92' lang='grc' dir='ltr'><strong><em>σε</em></strong></span> <span class='ocrx_word' id='word_1_92' title='bbox 555 2049 749 2134; x_wconf 83' lang='grc' dir='ltr'><strong><em>ποιήσουσιν</em></strong></span> <span class='ocrx_word' id='word_1_93' title='bbox 770 2056 827 2120; x_wconf 82' lang='grc' dir='ltr'><strong>ταὶ</strong></span> <span class='ocrx_word' id='word_1_94' title='bbox 847 2056 954 2143; x_wconf 82' lang='grc' dir='ltr'><strong><em>τρίχες</em></strong></span> <span class='ocrx_word' id='word_1_95' title='bbox 970 2049 1167 2139; x_wconf 88' lang='grc' dir='ltr'><strong>Ἀστυάγην.</strong></span> 
     </span>
     <span class='ocr_line' id='line_1_15' title="bbox 332 2179 1336 2267; baseline -0.003 -20"><span class='ocrx_word' id='word_1_96' title='bbox 332 2185 424 2247; x_wconf 90' lang='lat' dir='ltr'><strong>Hanc</strong></span> <span class='ocrx_word' id='word_1_97' title='bbox 445 2180 568 2247; x_wconf 88' lang='lat' dir='ltr'><strong>articuli</strong></span> <span class='ocrx_word' id='word_1_98' title='bbox 589 2181 722 2246; x_wconf 87' lang='lat' dir='ltr'><strong>formam</strong></span> <span class='ocrx_word' id='word_1_99' title='bbox 742 2183 857 2267; x_wconf 86' lang='lat' dir='ltr'><strong>passim</strong></span> <span class='ocrx_word' id='word_1_100' title='bbox 879 2179 1091 2247; x_wconf 86' lang='lat' dir='ltr'><strong>oblitteratam</strong></span> <span class='ocrx_word' id='word_1_101' title='bbox 1111 2182 1236 2246; x_wconf 90' lang='lat' dir='ltr'><strong>restitui</strong></span> <span class='ocrx_word' id='word_1_102' title='bbox 1256 2180 1336 2244; x_wconf 84' lang='lat' dir='ltr'><strong>Rhi-</strong></span> 
     </span>
     <span class='ocr_line' id='line_1_16' title="bbox 333 2269 1333 2378; baseline -0.007 -18"><span class='ocrx_word' id='word_1_103' title='bbox 333 2315 396 2360; x_wconf 93' lang='lat' dir='ltr'><strong>ano</strong></span> <span class='ocrx_word' id='word_1_104' title='bbox 419 2294 514 2359; x_wconf 79' lang='lat' dir='ltr'><strong>Anth.</strong></span> <span class='ocrx_word' id='word_1_105' title='bbox 536 2291 603 2358; x_wconf 88' lang='lat' dir='ltr'><strong>Pal.</strong></span> <span class='ocrx_word' id='word_1_106' title='bbox 626 2293 693 2371; x_wconf 80' lang='grc' dir='ltr'><strong>ΧΠ,</strong></span> <span class='ocrx_word' id='word_1_107' title='bbox 718 2295 789 2372; x_wconf 83' lang='lat'>121,</span> <span class='ocrx_word' id='word_1_108' title='bbox 811 2295 842 2358; x_wconf 82' lang='lat'><strong>2.</strong></span> <span class='ocrx_word' id='word_1_109' title='bbox 886 2292 1053 2358; x_wconf 91' lang='lat' dir='ltr'><strong>Leonidae</strong></span> <span class='ocrx_word' id='word_1_110' title='bbox 1076 2269 1204 2357; x_wconf 76' lang='lat' dir='ltr'><strong>Tacent.</strong></span> <span class='ocrx_word' id='word_1_111' title='bbox 1232 2293 1333 2378; x_wconf 82' lang='lat' dir='ltr'><strong>epigr.</strong></span> 
     </span>
     <span class='ocr_line' id='line_1_17' title="bbox 279 2403 1334 2492; baseline -0.007 -20"><span class='ocrx_word' id='word_1_112' title='bbox 279 2417 282 2426; x_wconf 87' lang='grc'><strong>“</strong></span> <span class='ocrx_word' id='word_1_113' title='bbox 332 2409 363 2486; x_wconf 87' lang='lat' dir='ltr'><strong>l,</strong></span> <span class='ocrx_word' id='word_1_114' title='bbox 385 2408 424 2485; x_wconf 82' lang='lat'><strong>2,</strong></span> <span class='ocrx_word' id='word_1_115' title='bbox 445 2405 524 2469; x_wconf 86' lang='lat' dir='ltr'><strong>aliis.</strong></span> <span class='ocrx_word' id='word_1_116' title='bbox 575 2407 725 2470; x_wconf 85' lang='lat' dir='ltr'><strong>Brevium</strong></span> <span class='ocrx_word' id='word_1_117' title='bbox 748 2403 942 2492; x_wconf 83' lang='lat' dir='ltr'><strong>syllabarum</strong></span> <span class='ocrx_word' id='word_1_118' title='bbox 964 2403 1194 2492; x_wconf 83' lang='lat' dir='ltr'><strong>productiones</strong></span> <span class='ocrx_word' id='word_1_119' title='bbox 1215 2406 1334 2468; x_wconf 86' lang='lat' dir='ltr'><strong>vitasse</strong></span> 
     </span>
     <span class='ocr_line' id='line_1_18' title="bbox 332 2516 1334 2606; baseline -0.004 -24"><span class='ocrx_word' id='word_1_120' title='bbox 332 2527 446 2606; x_wconf 87' lang='lat' dir='ltr'><strong>poetas</strong></span> <span class='ocrx_word' id='word_1_121' title='bbox 481 2518 771 2604; x_wconf 78' lang='lat' dir='ltr'><strong>epigrammatarius</strong></span> <span class='ocrx_word' id='word_1_122' title='bbox 799 2518 949 2583; x_wconf 87' lang='lat' dir='ltr'><strong>meliores</strong></span> <span class='ocrx_word' id='word_1_123' title='bbox 983 2516 1081 2582; x_wconf 89' lang='lat' dir='ltr'><strong>hodie</strong></span> <span class='ocrx_word' id='word_1_124' title='bbox 1109 2518 1193 2581; x_wconf 87' lang='lat' dir='ltr'><strong>inter</strong></span> <span class='ocrx_word' id='word_1_125' title='bbox 1222 2535 1334 2580; x_wconf 90' lang='lat' dir='ltr'><strong>omnes</strong></span> 
     </span>
     <span class='ocr_line' id='line_1_19' title="bbox 334 2625 1334 2715; baseline -0.005 -20"><span class='ocrx_word' id='word_1_126' title='bbox 334 2637 467 2708; x_wconf 71' lang='lat' dir='ltr'><strong>constat</strong></span> <span class='ocrx_word' id='word_1_127' title='bbox 488 2626 645 2715; x_wconf 85' lang='lat' dir='ltr'><strong>valdeque</strong></span> <span class='ocrx_word' id='word_1_128' title='bbox 668 2651 774 2695; x_wconf 89' lang='lat' dir='ltr'><strong>earum</strong></span> <span class='ocrx_word' id='word_1_129' title='bbox 797 2651 962 2695; x_wconf 91' lang='lat' dir='ltr'><strong>numerum</strong></span> <span class='ocrx_word' id='word_1_130' title='bbox 984 2629 1164 2694; x_wconf 88' lang='lat' dir='ltr'><strong>certissimis</strong></span> <span class='ocrx_word' id='word_1_131' title='bbox 1187 2625 1334 2692; x_wconf 89' lang='lat' dir='ltr'><strong>emenda-</strong></span> 
     </span>
     <span class='ocr_line' id='line_1_20' title="bbox 334 2741 1335 2808; baseline -0.006 0"><span class='ocrx_word' id='word_1_132' title='bbox 334 2741 475 2808; x_wconf 92' lang='lat' dir='ltr'><strong>tionibus</strong></span> <span class='ocrx_word' id='word_1_133' title='bbox 491 2743 646 2806; x_wconf 89' lang='lat' dir='ltr'><strong>imminuit</strong></span> <span class='ocrx_word' id='word_1_134' title='bbox 660 2744 839 2808; x_wconf 85' lang='lat' dir='ltr'><strong>criticorum</strong></span> <span class='ocrx_word' id='word_1_135' title='bbox 854 2741 994 2807; x_wconf 89' lang='lat' dir='ltr'><strong>solertia.</strong></span> <span class='ocrx_word' id='word_1_136' title='bbox 1022 2741 1094 2806; x_wconf 91' lang='lat' dir='ltr'><strong>Nec</strong></span> <span class='ocrx_word' id='word_1_137' title='bbox 1107 2749 1213 2804; x_wconf 92' lang='lat' dir='ltr'><strong>tamen</strong></span> <span class='ocrx_word' id='word_1_138' title='bbox 1229 2741 1335 2804; x_wconf 92' lang='lat' dir='ltr'><strong>omnia</strong></span> 
     </span>
     <span class='ocr_line' id='line_1_21' title="bbox 334 2851 1333 2943; baseline -0.006 -23"><span class='ocrx_word' id='word_1_139' title='bbox 334 2857 427 2921; x_wconf 90' lang='lat' dir='ltr'><strong>huius</strong></span> <span class='ocrx_word' id='word_1_140' title='bbox 449 2855 575 2943; x_wconf 83' lang='lat' dir='ltr'><strong>generis</strong></span> <span class='ocrx_word' id='word_1_141' title='bbox 589 2855 667 2918; x_wconf 84' lang='lat' dir='ltr'><strong>vitia</strong></span> <span class='ocrx_word' id='word_1_142' title='bbox 682 2852 805 2918; x_wconf 90' lang='lat' dir='ltr'><strong>sublata</strong></span> <span class='ocrx_word' id='word_1_143' title='bbox 825 2863 907 2933; x_wconf 88' lang='lat' dir='ltr'><strong>sunt,</strong></span> <span class='ocrx_word' id='word_1_144' title='bbox 927 2851 1017 2918; x_wconf 88' lang='lat' dir='ltr'><strong>velut</strong></span> <span class='ocrx_word' id='word_1_145' title='bbox 1031 2851 1169 2917; x_wconf 88' lang='lat' dir='ltr'><strong>Straton.</strong></span> <span class='ocrx_word' id='word_1_146' title='bbox 1180 2851 1252 2929; x_wconf 47' lang='lat' dir='ltr'><em>sx11,</em></span> <span class='ocrx_word' id='word_1_147' title='bbox 1267 2851 1333 2915; x_wconf 75' lang='lat'><strong>222</strong></span> 
     </span>
     <span class='ocr_line' id='line_1_22' title="bbox 335 2958 1334 3052; baseline -0.007 -20"><span class='ocrx_word' id='word_1_148' title='bbox 335 2972 379 3043; x_wconf 85' lang='grc' dir='ltr'><strong>είς</strong></span> <span class='ocrx_word' id='word_1_149' title='bbox 400 2962 438 3031; x_wconf 84' lang='grc' dir='ltr'><strong>τὸ</strong></span> <span class='ocrx_word' id='word_1_150' title='bbox 460 2961 541 3052; x_wconf 89' lang='grc' dir='ltr'><em>γόνυ</em></span> <span class='ocrx_word' id='word_1_151' title='bbox 561 2958 699 3052; x_wconf 79' lang='grc' dir='ltr'><strong><em>κάμψας</em></strong></span> <span class='ocrx_word' id='word_1_152' title='bbox 719 2968 843 3050; x_wconf 79' lang='grc' dir='ltr'><strong><em>μέσσον</em></strong></span> <span class='ocrx_word' id='word_1_153' title='bbox 864 2964 1092 3050; x_wconf 78' lang='grc' dir='ltr'><strong><em>ἐπαιόοτρίβει,</em></strong></span> <span class='ocrx_word' id='word_1_154' title='bbox 1113 2962 1170 3029; x_wconf 90' lang='lat' dir='ltr'><strong>ubi</strong></span> <span class='ocrx_word' id='word_1_155' title='bbox 1191 2961 1334 3027; x_wconf 90' lang='lat' dir='ltr'><strong>scriben-</strong></span> 
     </span>
     <span class='ocr_line' id='line_1_23' title="bbox 335 3067 1335 3163; baseline -0.004 -21"><span class='ocrx_word' id='word_1_156' title='bbox 335 3077 409 3143; x_wconf 88' lang='lat' dir='ltr'><strong>dum</strong></span> <span class='ocrx_word' id='word_1_157' title='bbox 437 3071 603 3163; x_wconf 78' lang='grc' dir='ltr'><strong>γνάμψας.</strong></span> <span class='ocrx_word' id='word_1_158' title='bbox 655 3079 761 3142; x_wconf 90' lang='lat' dir='ltr'><strong>Zonas</strong></span> <span class='ocrx_word' id='word_1_159' title='bbox 789 3078 935 3158; x_wconf 79' lang='lat' dir='ltr'>1x,312</span> <span class='ocrx_word' id='word_1_160' title='bbox 964 3077 1128 3163; x_wconf 90' lang='lat' dir='ltr'><strong>scripsisse</strong></span> <span class='ocrx_word' id='word_1_161' title='bbox 1154 3073 1283 3139; x_wconf 89' lang='lat' dir='ltr'><strong>videtur</strong></span> <span class='ocrx_word' id='word_1_162' title='bbox 1311 3067 1335 3153; x_wconf 89' lang='grc' dir='ltr'><strong><em>ή</em></strong></span> 
     </span>
     <span class='ocr_line' id='line_1_24' title="bbox 333 3179 1334 3275; baseline -0.005 -21"><span class='ocrx_word' id='word_1_163' title='bbox 333 3183 451 3274; x_wconf 85' lang='grc' dir='ltr'><strong><em>πρῖνόν</em></strong></span> <span class='ocrx_word' id='word_1_164' title='bbox 478 3180 552 3272; x_wconf 82' lang='grc' dir='ltr'><strong>γ’ή</strong></span> <span class='ocrx_word' id='word_1_165' title='bbox 578 3179 642 3252; x_wconf 82' lang='grc' dir='ltr'><strong>τάν</strong></span> <span class='ocrx_word' id='word_1_166' title='bbox 670 3185 815 3255; x_wconf 84' lang='grc' dir='ltr'><strong>αὐαλίαν</strong></span> <span class='ocrx_word' id='word_1_167' title='bbox 841 3183 1001 3275; x_wconf 90' lang='grc' dir='ltr'><strong>κάμαρον.</strong></span> <span class='ocrx_word' id='word_1_168' title='bbox 1045 3187 1153 3252; x_wconf 88' lang='lat' dir='ltr'><strong>Versu</strong></span> <span class='ocrx_word' id='word_1_169' title='bbox 1173 3187 1276 3272; x_wconf 90' lang='lat' dir='ltr'><strong>primo</strong></span> <span class='ocrx_word' id='word_1_170' title='bbox 1299 3188 1334 3250; x_wconf 94' lang='lat' dir='ltr'><strong>in</strong></span> 
     </span>
     <span class='ocr_line' id='line_1_25' title="bbox 334 3289 1335 3390; baseline -0.005 -24"><span class='ocrx_word' id='word_1_171' title='bbox 334 3299 441 3366; x_wconf 87' lang='lat' dir='ltr'><strong>verbis</strong></span> <span class='ocrx_word' id='word_1_172' title='bbox 463 3300 615 3385; x_wconf 79' lang='grc' dir='ltr'><strong>πολεμεῖς</strong></span> <span class='ocrx_word' id='word_1_173' title='bbox 635 3289 715 3385; x_wconf 83' lang='grc' dir='ltr'><strong>μ’ὦ</strong></span> <span class='ocrx_word' id='word_1_174' title='bbox 744 3303 881 3390; x_wconf 84' lang='grc' dir='ltr'><strong><em>φίλτατε</em></strong></span> <span class='ocrx_word' id='word_1_175' title='bbox 903 3299 1046 3366; x_wconf 89' lang='lat' dir='ltr'><strong>notanda</strong></span> <span class='ocrx_word' id='word_1_176' title='bbox 1072 3308 1121 3364; x_wconf 88' lang='lat' dir='ltr'><strong>est</strong></span> <span class='ocrx_word' id='word_1_177' title='bbox 1143 3293 1335 3385; x_wconf 79' lang='lat' dir='ltr'><strong>diphthongi</strong></span> 
     </span>
     <span class='ocr_line' id='line_1_26' title="bbox 335 3410 1334 3499; baseline -0.005 -22"><span class='ocrx_word' id='word_1_178' title='bbox 335 3410 436 3490; x_wconf 89' lang='lat' dir='ltr'><strong>elisio,</strong></span> <span class='ocrx_word' id='word_1_179' title='bbox 459 3410 499 3476; x_wconf 93' lang='lat' dir='ltr'><strong>de</strong></span> <span class='ocrx_word' id='word_1_180' title='bbox 522 3434 583 3498; x_wconf 91' lang='lat' dir='ltr'><strong>qua</strong></span> <span class='ocrx_word' id='word_1_181' title='bbox 606 3411 682 3477; x_wconf 86' lang='lat' dir='ltr'><strong>dixit</strong></span> <span class='ocrx_word' id='word_1_182' title='bbox 698 3411 883 3478; x_wconf 87' lang='lat' dir='ltr'><strong>Lobeckius</strong></span> <span class='ocrx_word' id='word_1_183' title='bbox 905 3412 946 3477; x_wconf 89' lang='lat' dir='ltr'><strong>ad</strong></span> <span class='ocrx_word' id='word_1_184' title='bbox 968 3410 1138 3499; x_wconf 89' lang='lat' dir='ltr'><strong>Sophoclis</strong></span> <span class='ocrx_word' id='word_1_185' title='bbox 1155 3410 1242 3476; x_wconf 82' lang='lat' dir='ltr'><strong>Aiac</strong></span> <span class='ocrx_word' id='word_1_186' title='bbox 1258 3411 1334 3474; x_wconf 89' lang='grc'><strong>191.</strong></span> 
     </span>
    </p>
   </div>
   <div class='ocr_carea' id='block_1_8' title="bbox 335 3507 1433 3609">
    <p class='ocr_par' dir='ltr' id='par_1_8' title="bbox 335 3507 1433 3609">
     <span class='ocr_line' id='line_1_27' title="bbox 335 3507 1433 3609; baseline -0.004 -21"><span class='ocrx_word' id='word_1_187' title='bbox 335 3523 439 3609; x_wconf 86' lang='lat' dir='ltr'><strong>Quam</strong></span> <span class='ocrx_word' id='word_1_188' title='bbox 462 3525 559 3603; x_wconf 84' lang='lat' dir='ltr'><strong>tertio</strong></span> <span class='ocrx_word' id='word_1_189' title='bbox 580 3544 674 3589; x_wconf 84' lang='lat' dir='ltr'><strong>versu</strong></span> <span class='ocrx_word' id='word_1_190' title='bbox 695 3526 818 3589; x_wconf 88' lang='lat' dir='ltr'><strong>restitui</strong></span> <span class='ocrx_word' id='word_1_191' title='bbox 839 3524 971 3590; x_wconf 87' lang='lat' dir='ltr'><strong>formam</strong></span> <span class='ocrx_word' id='word_1_192' title='bbox 994 3518 1143 3601; x_wconf 83' lang='grc' dir='ltr'><strong><em>Σάκκας,</em></strong></span> <span class='ocrx_word' id='word_1_193' title='bbox 1165 3543 1202 3586; x_wconf 91' lang='lat' dir='ltr'><strong>ea</strong></span> <span class='ocrx_word' id='word_1_194' title='bbox 1224 3542 1337 3586; x_wconf 91' lang='lat' dir='ltr'><strong>recen·</strong></span> <span class='ocrx_word' id='word_1_195' title='bbox 1432 3507 1433 3514; x_wconf 16' lang='grc' dir='ltr'><strong><em>ί</em></strong></span> 
     </span>
    </p>
   </div>
   <div class='ocr_carea' id='block_1_9' title="bbox 334 3633 1336 3834">
    <p class='ocr_par' dir='ltr' id='par_1_9' title="bbox 334 3633 1336 3834">
     <span class='ocr_line' id='line_1_28' title="bbox 334 3633 1336 3723; baseline -0.004 -22"><span class='ocrx_word' id='word_1_196' title='bbox 334 3638 434 3701; x_wconf 90' lang='lat' dir='ltr'><strong>tiores</strong></span> <span class='ocrx_word' id='word_1_197' title='bbox 456 3637 628 3723; x_wconf 84' lang='lat' dir='ltr'><strong>scriptores</strong></span> <span class='ocrx_word' id='word_1_198' title='bbox 651 3639 767 3723; x_wconf 89' lang='lat' dir='ltr'><strong>passim</strong></span> <span class='ocrx_word' id='word_1_199' title='bbox 785 3639 835 3701; x_wconf 93' lang='lat' dir='ltr'><strong>usi</strong></span> <span class='ocrx_word' id='word_1_200' title='bbox 849 3647 931 3717; x_wconf 91' lang='lat' dir='ltr'><strong>sunt,</strong></span> <span class='ocrx_word' id='word_1_201' title='bbox 954 3658 981 3702; x_wconf 89' lang='lat' dir='ltr'><strong>e.</strong></span> <span class='ocrx_word' id='word_1_202' title='bbox 998 3658 1024 3700; x_wconf 89' lang='lat' dir='ltr'><strong>c.</strong></span> <span class='ocrx_word' id='word_1_203' title='bbox 1040 3633 1224 3722; x_wconf 83' lang='lat' dir='ltr'><strong>Polyaenus</strong></span> <span class='ocrx_word' id='word_1_204' title='bbox 1239 3633 1336 3698; x_wconf 88' lang='lat' dir='ltr'><strong>Strat.</strong></span> 
     </span>
     <span class='ocr_line' id='line_1_29' title="bbox 334 3747 791 3834; baseline 0.004 -24"><span class='ocrx_word' id='word_1_205' title='bbox 334 3749 406 3828; x_wconf 89' lang='lat' dir='ltr'><strong>Vll,</strong></span> <span class='ocrx_word' id='word_1_206' title='bbox 431 3750 480 3828; x_wconf 91' lang='lat' dir='ltr'><strong>ll,</strong></span> <span class='ocrx_word' id='word_1_207' title='bbox 502 3751 524 3814; x_wconf 84' lang='lat'><strong>6</strong></span> <span class='ocrx_word' id='word_1_208' title='bbox 547 3747 679 3834; x_wconf 88' lang='lat' dir='ltr'><strong>aliisque</strong></span> <span class='ocrx_word' id='word_1_209' title='bbox 689 3747 791 3814; x_wconf 72' lang='lat' dir='ltr'><strong>=locis.</strong></span> 
     </span>
    </p>
   </div>
   <div class='ocr_carea' id='block_1_10' title="bbox 732 3967 931 3986">
    <p class='ocr_par' dir='ltr' id='par_1_10' title="bbox 732 3967 931 3986">
     <span class='ocr_line' id='line_1_30' title="bbox 732 3967 931 3986; baseline -0.02 0"><span class='ocrx_word' id='word_1_210' title='bbox 732 3967 931 3986; x_wconf 63' lang='lat'><strong>-3—-—--—--..</strong></span> 
     </span>
    </p>
   </div>
   <div class='ocr_carea' id='block_1_11' title="bbox 0 0 1524 4826">
    <p class='ocr_par' dir='ltr' id='par_1_11' title="bbox 0 0 1524 4826">
     <span class='ocr_line' id='line_1_31' title="bbox 0 0 1524 4826; baseline 0 0"><span class='ocrx_word' id='word_1_211' title='bbox 0 0 1524 4826; x_wconf 95' lang='lat' dir='ltr'><strong> </strong></span> 
     </span>
    </p>
   </div>
  </div>
 </body>
</html>
