3026 4816
445 457 701 518 aouoaarro
723 431 915 517 carrica.
1135 463 1187 518 roa

175 613 231 678 σοὶ
252 606 423 696 Κύπριδος
452 605 654 702 ἀνθοφόροι.
708 607 854 678 Tabana
881 634 940 698 μοι
964 612 1092 678 παίδων
1114 617 1186 679 ἕπε-

174 747 232 789 ται
253 719 381 799 πόθος·
405 726 437 789 οἱ
459 717 524 811 γὰρ
541 717 680 811 ’Ἔρωτες
700 721 827 803 πλίξειν
849 728 884 788 ἐκ
899 725 1014 790 λευκοῦ
1036 725 1124 814 φασί
1144 747 1185 808 με

174 837 231 902 καὶ
259 835 410 921 μέλανος.
460 829 515 899 De
545 828 632 900 ἀλλὰ
654 832 802 920 pluribus
823 834 958 901 vocibus
984 835 1130 902 subiecto
1152 859 1184 900 v.

174 946 305 1012 Jacobs.
328 946 370 1011 ad
391 928 488 1012 anth.
511 945 578 1011 Pal.
601 946 661 1025 IX,
683 947 763 1026 335,
786 948 816 1010 2.

262 1060 351 1124 VIII.
385 1059 444 1123 Vs.
460 1060 482 1124 3
505 1056 648 1123 insolens
672 1067 704 1122 et
717 1060 772 1122 vix
795 1057 992 1146 explicabilis
1009 1057 1108 1125 dictio
1123 1081 1184 1124 κα-

174 1172 334 1237 ταθεῖναι
352 1165 460 1249 τόξον.
506 1168 698 1257 Suspicabar
720 1170 939 1235 κατετείνατο.
984 1171 1042 1234 Vs.
1065 1172 1107 1235 12
1134 1192 1183 1236 re-

173 1282 254 1370 liqui
284 1281 356 1348 cod.
385 1285 573 1370 scripturam
602 1283 744 1369 quamvis
771 1290 953 1368 corruptam
981 1283 1121 1370 πίνομεν
1143 1279 1184 1350 οὐ
1269 1329 1271 1334 ,

172 1389 238 1480 γὰρ
260 1395 354 1480 ἔρως,
382 1397 416 1460 in
446 1416 506 1481 qua
529 1392 616 1459 aliud
644 1393 746 1458 latere
776 1415 868 1479 quam
898 1390 985 1479 quod
1010 1394 1182 1460 Jacobsius

174 1504 292 1592 aliique
315 1507 530 1585 coniecerunt
551 1507 690 1591 πίνομεν
705 1495 765 1571 οὖν
778 1504 931 1593 γαλερῶς,
957 1516 1100 1592 apertum
1123 1517 1180 1572 est.
1214 1494 1216 1502 ’

172 1614 382 1683 Scribendum
404 1617 545 1697 videtur,
573 1618 728 1703 πίνομεν·
757 1614 797 1684 οὐ
824 1611 889 1707 γὰρ
912 1613 1011 1706 ἐρεῖς·
1039 1619 1106 1684 scil.
1129 1614 1181 1686 ὅτι

173 1731 223 1796 δεῖ
243 1722 303 1795 τόν
325 1724 445 1816 λύχνον
467 1725 651 1814 ἀναμένειν.
697 1728 763 1794 Vel
792 1725 831 1795 οὐ
852 1721 917 1818 γαρ
938 1730 1035 1818 topic,-
1080 1731 1180 1816 Quod

172 1851 228 1908 aut
249 1863 360 1907 verum
382 1851 438 1908 aut
458 1862 537 1906 vero
560 1843 747 1927 proximum.

266 1955 320 2020 IX.
363 1956 465 2020 Vs2
501 1953 573 2019 cod.
602 1945 733 2034 ἤτησαν
761 1958 797 2019 ἐν
824 1955 965 2030 πολλαῖς
998 1950 1180 2043 νικασόρην
1235 2023 1242 2034 ,

172 2068 257 2149 (sic)
279 2061 450 2153 πρόποσις.
496 2065 636 2132 Bruuck.
666 2041 793 2146 ἤνυσαν
821 2067 856 2130 αλ
885 2065 1007 2131 πολλαὶ
1030 2062 1179 2152 Νικαγό-

172 2200 235 2265 ρην
261 2173 450 2267 προπόσεις.
494 2177 730 2265 Wyttenbach.
759 2172 912 2264 μήννσαν
934 2181 969 2242 αἱ
991 2179 1114 2244 πολλαὶ
1137 2217 1177 2230 -

171 2285 358 2380 προπόσεις.
402 2291 480 2355 Non
501 2288 597 2370 male,
620 2294 648 2355 si
671 2292 828 2355 omisisset
851 2291 896 2353 αἱ.
948 2287 1074 2355 Alberti
1096 2284 1179 2372 ἦτα-

104 2435 107 2442 ·
173 2423 238 2468 σαν
260 2405 295 2467 αἱ
318 2425 352 2467 π.
366 2423 400 2466 π.
438 2401 515 2488 Quo
539 2402 664 2468 adiutus
678 2401 849 2466 Jacobsius
871 2393 995 2481 ἥτασεν
1016 2406 1052 2467 ἐν
1073 2402 1177 2494 πολλῇ

173 2551 215 2566 -
238 2508 407 2600 προπόσει
453 2515 488 2580 Si
510 2525 597 2580 recte
618 2514 751 2580 verbum
776 2508 901 2594 ὲτόζειν
921 2515 1097 2599 repositum
1121 2524 1177 2594 est,

173 2626 215 2692 de
238 2646 301 2712 quo
324 2646 393 2690 non
415 2624 544 2705 dubito,
565 2625 670 2692 maIIm
691 2621 863 2709 ἠτάσαμεν
884 2624 997 2714 πολλῇ.

260 2740 296 2802 Χ.
334 2738 429 2804 vs.1
452 2738 562 2804 forsan
578 2733 710 2827 πρόσθε
732 2760 805 2821 μεν
825 2731 1006 2824 Ἀρχιάδης
1019 2736 1176 2820 cotiano

172 2872 234 2938 pro
256 2873 324 2935 μοι.
357 2850 430 2915 Ηοο
453 2854 536 2916 enim
558 2851 647 2916 dicit:
671 2859 763 2914 antea
779 2846 961 2914 Arcbeades
984 2869 1092 2914 amore
1113 2853 1177 2914 mei

170 2961 398 3029 macerabatur.
432 2963 577 3028 Verbum
599 2961 790 3046 θλίβεσθαι
812 2982 881 3025 cum
898 2961 1049 3048 ¹genitivo
1065 2981 1176 3049 perso-

171 3077 453 3163 nae.coniungero
474 3077 588 3162 potuit,
611 3084 647 3139 ut
668 3073 837 3139 καίεσθαι.

259 3187 313 3251 XI.
351 3188 409 3252 Vs.
428 3190 443 3252 I
469 3186 541 3252 cod.
557 3189 800 3260 ἐπίσταιτοσως.
831 3182 981 3250 Correxit
994 3185 1174 3252 Salmasius.

171 3291 230 3363 Vs.
252 3299 274 3363 3
303 3298 374 3363 cod.
403 3295 456 3380 ἡδ’
483 3299 570 3386 quod
593 3297 763 3364 Salmasius
785 3300 819 3361 in
844 3285 885 3377 ἧς
905 3301 1047 3362 mutavit.
1092 3298 1175 3364 Scri-

171 3408 311 3476 bendum
334 3420 401 3477 erat
422 3409 443 3492 ἡ
467 3409 510 3478 δ’.
555 3413 727 3497 Sequentia
749 3407 829 3498 ὑπὲρ
852 3401 949 3495 ὤμων
970 3412 1085 3475 iniuria
1107 3421 1175 3477 ten-

171 3525 251 3587 tavit
271 3522 451 3588 Jacobsius.
489 3525 611 3589 Vitium
632 3522 697 3587 Ioci
719 3526 752 3586 in
768 3519 873 3587 verbis
897 3514 957 3587 σόν
978 3517 1109 3607 πετόσῳ
1129 3521 1175 3587 la-

172 3643 229 3699 tet
263 3633 383 3721 Aptum
407 3645 491 3700 esset
515 3645 546 3700 et
562 3638 761 3723 perspicuum
779 3628 975 3711 σόσπαστος,
990 3633 1121 3698 'cbIam
1128 3659 1174 3721 ys

173 3751 258 3832 (qua
277 3747 433 3813 Dorcium
456 3748 652 3834 epheborum
666 3769 764 3813 'more
790 3746 901 3813 induta
925 3751 1013 3827 erat)
1036 3749 1076 3811 in
1106 3748 1174 3813 hu-

172 3861 291 3923 meris
314 3858 490 3925 collecta
513 3860 703 3927 nudatum
719 3849 884 3948 puellae
906 3859 1029 3923 femur
1046 3868 1175 3924 oston-

174 3968 301 4036 debat

262 4084 332 4149 XII.
376 4086 475 4151 Vsa
507 4084 634 4150 exhibui
668 4082 737 4148 cod.
767 4083 947 4148 lectIonem.
1004 4080 1173 4147 Jacobsius
