3028 4826
322 461 374 516 172
663 459 983 519 conmortuus.

307 611 492 675 ⁴cessarium
519 631 590 676 esse
613 610 710 677 docet
730 613 905 691 Homerus,
934 607 1102 693 δυστήνων
1129 613 1165 679 δέ
1193 637 1227 679 τε
1249 621 1329 681 παῖ-

321 720 376 798 δες
396 723 464 806 ἐμῷ
485 725 575 806 μένει
596 718 781 790 ἀντιόωσιν.
935 719 937 724 ’

584 1025 586 1028 ’
616 1031 814 1084 MELEAGER
830 1031 889 1082 Pal·
901 1032 967 1099 Vll,
986 1028 1029 1088 79.

360 1138 546 1233 ’Ώνθρωπ’,
564 1142 779 1234 Ἡράκλειτος
801 1142 863 1233 ἐγώ
882 1143 979 1239 Ισορά
1000 1147 1123 1234 μοῦνος
1144 1145 1290 1236 άνενράν

409 1257 514 1347 φημέ·
535 1251 578 1326 τά
600 1255 629 1324 δ’
646 1263 680 1336 ές
700 1254 832 1346 πάτραν
852 1264 1015 1346 κρέσσονα
1036 1261 1093 1326 καὶ
1114 1261 1244 1348 σοφίης.

365 1361 428 1450 λάξ
447 1363 513 1456 γάρ
526 1370 583 1436 καὶ
596 1372 726 1449 κοτέων,
746 1366 854 1455 Ἀσίη,
874 1368 952 1451 ξένε,
975 1367 1166 1461 δῦσρρονας
1179 1365 1305 1460 άνὸρας

408 1474 581 1546 ὑλάκτεον·
604 1474 744 1567 λαμπρά
765 1483 1012 1570 θρέψαμένοισι
1028 1477 1135 1570 χάρις.

365 1588 424 1658 οῦκ
438 1588 497 1656 ἀπ’
511 1591 606 1677 έμεῦς
627 1585 674 1679 μὴ
688 1587 823 1679 τρηχύς·
845 1586 930 1658 άπτι·
952 1587 1040 1679 τάχα
1052 1595 1109 1659 καὶ
1123 1586 1166 1659 σά
1178 1615 1211 1657 τι
1223 1588 1325 1684 πεάση

409 1697 619 1791 τρηχάτερον·
640 1697 768 1792 πάτρης
786 1713 882 1793 χαῖρε
905 1697 946 1770 σύ
967 1700 997 1769 δ’
1014 1702 1049 1784 έξ
1067 1701 1217 1794 Ἑφέσου.

320 1838 398 1904 Non
426 1839 583 1903 immerito
610 1841 803 1925 interpretes
831 1837 873 1902 de
895 1840 1041 1903 conuiuis
1067 1839 1161 1904 huius
1183 1838 1327 1904 obscuri-

320 1958 387 2014 tate
416 1950 583 2035 conquesti
610 1959 699 2026 suut;
729 1971 792 2016 nec
818 1949 937 2016 desunt
964 1971 1047 2036 quae
1076 1971 1138 2037 pro
1167 1952 1325 2036 corruptis

320 2059 430 2126 haberi
458 2057 607 2126 debeant
657 2061 741 2126 Nam
768 2071 805 2127 ut
826 2065 954 2127 tertium
981 2083 1123 2142 versum,
1152 2063 1206 2147 qui
1227 2060 1325 2148 plane

321 2171 536 2238 conclamatus
566 2181 631 2252 est,
654 2193 741 2238 nunc
762 2176 919 2254 omittam,
947 2175 1076 2260 inipso
1099 2174 1245 2238 conuiuis
1266 2193 1313 2236 rm

320 2285 368 2348 tio
391 2283 479 2370 quod
501 2282 619 2372 legitur
641 2277 734 2374 σοφά
754 2286 878 2370 μοῦνος
898 2278 1045 2373 άνονρών
1060 2285 1155 2374 φημί,
1176 2304 1220 2349 ne
1234 2305 1327 2371 grae·

321 2417 392 2459 cum
421 2393 548 2482 quidem
577 2416 649 2461 esse
677 2399 831 2462 existimo.
883 2398 967 2463 Tum
995 2394 1126 2461 alterius
1149 2395 1275 2460 distichi
1298 2398 1325 2460 si

320 2508 349 2570 is
371 2527 483 2572 sensus
505 2516 591 2572 esset
611 2529 704 2594 quem
726 2512 917 2594 interpretes
932 2506 1056 2588 volunt,
1082 2517 1118 2573 ut
1131 2506 1326 2595 praeclaram

320 2639 356 2682 se
378 2623 511 2706 gratiam
532 2619 719 2707 parentibus
732 2618 893 2686 rettulisse
915 2619 1001 2685 dicat
1020 2617 1208 2698 Heraclitus,
1229 2640 1324 2686 nemo

321 2750 389 2797 non
409 2730 499 2797 videt
526 2753 564 2796 ex
590 2753 707 2820 graece
736 2730 865 2797 dicendi
891 2753 952 2796 usu
978 2733 1176 2797 accusativos
1198 2733 1326 2818 requiri,

321 2838 478 2930 λαμπράν
498 2843 746 2932 θριψαμένοισι
770 2837 879 2929 χάριν.
928 2843 1078 2930 Denique
1100 2863 1234 2930 prorsus
1257 2863 1326 2908 nun

321 2951 524 3042 intelligitur,
552 2954 629 3042 quid
650 2957 693 3019 sit
714 2954 802 3041 quod
823 2975 865 3019 ne
887 2952 1021 3019 verbulo
1049 2953 1177 3040 quidem
1200 2953 1328 3020 lacessi·

322 3074 373 3130 tus
396 3067 430 3129 in
452 3075 570 3131 tantam
592 3066 700 3132 subito
716 3069 793 3130 iram
807 3065 987 3131 Heraclitus
1002 3065 1195 3132 exardescat
1232 3065 1326 3152 Quae

321 3199 374 3242 res
395 3180 495 3243 movit
523 3179 650 3242 criticos
679 3187 716 3243 ut
736 3199 837 3243 unum
865 3176 1040 3244 alterumve
1063 3177 1222 3243 distichon
1246 3179 1328 3242 exci-

322 3289 408 3357 disse
436 3292 682 3377 suspicarentur.
732 3290 905 3356 Enimvero
933 3291 1110 3354 rectissime
1140 3290 1246 3354 omnia
1273 3289 1328 3353 ha-

321 3400 416 3481 bent,
444 3405 472 3466 si
500 3422 627 3466 carmen
654 3402 739 3466 inter
768 3401 847 3467 duas
871 3399 1093 3487 colloquentes
1115 3421 1270 3487 personas
1292 3403 1327 3465 in

321 3514 407 3580 hunc
427 3514 496 3578 fere
517 3511 646 3578 modum
668 3523 845 3579 correctum
866 3512 1067 3600 dispertitur:

366 3620 398 3691 ά.
411 3618 598 3714 ’Ώνθρωπζ
617 3619 832 3708 Ἡράκλειτος
847 3619 908 3710 ἐγὼ
923 3617 1016 3712 σοφά
1032 3624 1156 3710 μοῦνος
1171 3619 1326 3712 άνενράν.

409 3732 452 3822 β.
469 3736 566 3828 φημί.
582 3730 615 3800 ά.
630 3728 672 3801 τά
687 3731 718 3800 δ’
733 3740 766 3813 ές
782 3731 912 3824 πάτρην
925 3740 1089 3825 κρέσσονα
1102 3736 1159 3801 καὶ
1172 3735 1303 3825 σοφίης.

365 3846 408 3934 β.
423 3845 499 3929 πάξ.
514 3844 547 3913 ά.
562 3841 654 3935 παρά
670 3842 786 3936 καιρὸν
799 3851 893 3915 ictor
907 3845 1026 3928 άστῦν,
1040 3845 1118 3927 ξένε,
1137 3840 1328 3936 δύσφρονας

923 3951 1048 4045 ἄνδρας

410 4067 574 4140 ὑλάκτουν.
596 4067 639 4157 β.
660 4065 798 4159 λαμπρά
819 4072 1065 4162 θρεψαμένοισι
1083 4065 1189 4158 χάρις.
