3026 4816
324 460 375 514 ιον
590 441 1058 516 anaorarro'carrrci.

323 611 396 674 Hoc
417 611 500 674 enim
523 611 667 688 nomine,
695 630 759 695 quo
781 630 933 696 pecorum
955 607 1055 673 tutela
1077 605 1242 686 indicatur,
1264 608 1324 671 Lc-

323 720 383 785 shii
405 720 556 786 colebant
575 720 767 808 Apollinem,
806 718 891 785 Vide
915 718 1061 805 Thucyd.
1077 720 1131 798 111,
1151 721 1173 784 3
1198 728 1229 784 et
1251 717 1326 785 Cal-

323 830 446 895 limach.
468 830 553 917 apud
573 831 676 897 Behk.
692 830 811 896 Anecd.
834 855 865 918 p.
884 832 967 896 1187
990 829 1046 895 fin.
1086 829 1228 895 Alteram
1249 833 1325 894 scri-

322 951 454 1029 pturam,
475 938 589 1028 μαλός,
613 942 836 1009 commendant
859 941 999 1006 eiusdem
1021 942 1174 1028 Hesychii
1197 940 1324 1030 glossae

324 1055 510 1142 Μαλουρίςι
536 1050 731 1144 λενκόκερως
752 1054 829 1142 (leg.
852 1047 1071 1141 λενκόκερκος)
1093 1054 1149 1117 καὶ
1172 1048 1243 1132 ἥτις
1264 1046 1325 1132 τὴν

324 1159 427 1254 οὐρὰν
461 1167 525 1250 ἔχει
552 1161 681 1247 λευκήν,
717 1175 750 1230 et
782 1160 977 1253 Μάλονροςε
1011 1159 1192 1250 λεύκονρος.
1241 1165 1326 1228 ilinc

324 1281 418 1342 ctiam
441 1277 614 1342 Theocrito
643 1271 750 1364 μαλός
770 1275 999 1342 restituendum
1021 1286 1180 1363 putarem,
1207 1278 1270 1339 nisi
1290 1273 1325 1340 id

241 1430 243 1436 ·
323 1397 475 1453 monente
504 1391 597 1458 etiam
617 1388 771 1454 Jacobsio
793 1391 892 1475 prima
920 1387 1012 1452 brevi
1035 1385 1152 1452 elatum
1175 1409 1245 1452 esse
1269 1386 1326 1451 do-

324 1508 411 1564 ceret
429 1510 574 1564 veterum
595 1501 701 1584 κρίσις
721 1503 756 1564 in
776 1498 852 1565 loco
868 1500 999 1563 Homeri
1016 1497 1105 1562 iliad.
1118 1494 1159 1584 γ’,
1173 1501 1248 1578 310,
1270 1497 1326 1563 uhi

302 1625 306 1631 ’
325 1632 419 1697 quum
441 1610 539 1676 hodie
553 1609 679 1700 legatur
692 1604 766 1698 ἄρν’
782 1606 925 1696 epatris,
947 1609 1075 1675 fuerunt
1090 1613 1144 1696 qui
1159 1603 1246 1698 ἄρνα
1259 1633 1326 1694 μα·

324 1717 386 1802 hdr
413 1721 598 1788 scriberent.
647 1724 763 1811 Neque
791 1722 897 1788 obstat
920 1722 1144 1786 Theocriteum
1171 1715 1326 1806 μαλοποὶ-
1450 1723 1456 1734 ’
1508 1749 1509 1808 p

325 1857 410 1923 ρῃος,
433 1833 520 1921 quod
550 1833 591 1899 ad
612 1835 722 1922 μᾶλον
742 1837 849 1925 potius
872 1856 965 1920 quam
989 1833 1028 1897 ad
1050 1827 1157 1919 μαλός
1173 1854 1327 1897 revocan-

325 1943 400 2010 dum
422 1944 559 2027 videtur,
577 1955 615 2014 ut
636 1945 794 2035 significet
810 1945 973 2010 mulierem
995 1947 1083 2010 cuius
1098 1965 1202 2033 genae
1222 1947 1326 2031 pomis

323 2056 442 2122 similes
464 2067 546 2123 sunt.
584 2057 673 2124 Haec
695 2060 800 2123 omnia
824 2080 892 2122 cum
916 2058 1035 2144 cogito,
1057 2059 1091 2120 iu
1113 2077 1180 2119 eam
1197 2054 1327 2120 deferor

325 2171 529 2249 sententiam,
551 2173 642 2235 utin
664 2180 777 2236 nostro
801 2173 1025 2258 epigrammate
1046 2161 1168 2255 τράγος
1189 2157 1285 2242 οὗτος
1306 2164 1326 2232 ὁ

324 2275 451 2366 μάχλος
478 2281 678 2348 scribendum
702 2285 889 2362 existimem,
918 2279 1006 2366 quod
1028 2281 1170 2366 proxime
1194 2277 1327 2343 abesto

327 2390 398 2457 cod.
421 2392 488 2458 Pal.
510 2399 664 2482 scriptura
685 2395 801 2481 μᾶλος.
845 2395 904 2459 Vs,
922 2395 944 2458 6
966 2386 1133 2480 ἀκρεμόνα
1154 2394 1267 2477 scripsi
1290 2413 1330 2456 er

327 2502 398 2569 cod.
421 2527 482 2592 pro
505 2501 681 2593 ἀκρὲμονα.

414 2618 453 2682 11.
499 2618 674 2682 Theocrito
700 2617 844 2683 tribuunt
873 2615 961 2682 editt.
992 2615 1155 2679 Theocriti
1182 2624 1214 2678 et
1242 2614 1326 2702 App.

327 2728 416 2794 Plan.
440 2729 491 2795 ed.
509 2730 618 2816 Steph.
641 2753 674 2817 p.
690 2731 764 2797 516.
801 2727 919 2794 lnPal.
935 2737 984 2793 est
1006 2723 1199 2792 ἀδέσποτον.
1231 2727 1327 2791 vsi
1363 2720 1364 2729 ’

328 2840 399 2907 cod.
421 2834 485 2908 τᾶν
504 2837 624 2930 πήραν.
668 2840 849 2906 Brunchius
871 2841 927 2905 καὶ
947 2832 1070 2926 πήραν.

282 2983 289 2990 ·
415 2953 469 3018 ΠΙ.
505 2954 606 3018 Vsl
637 2951 708 3018 cod.
731 2953 799 3018 Pal.
821 2945 986 3038 κεκμακώς
1012 2960 1045 3015 et
1066 2949 1156 3013 vsa
1186 2944 1328 3033 ἀμπαύω

330 3075 362 3130 et
390 3060 576 3154 ἀρτιταγής.
619 3066 692 3130 Nec
720 3064 760 3129 ab
783 3066 822 3129 H.
846 3064 1010 3152 Stephano
1040 3060 1137 3126 credo
1159 3060 1239 3126 haec
1258 3082 1329 3147 pcr-

327 3187 438 3242 sanata
461 3198 541 3242 esse.
587 3177 644 3240 Vs.
665 3178 687 3243 3
714 3175 782 3240 Pal.
804 3170 932 3262 ἀγρεύει
958 3172 988 3241 δ’
1014 3168 1067 3240 ὅτε
1089 3175 1180 3238 Πᾶν.
1225 3174 1283 3237 Vs.
1307 3175 1328 3238 6

328 3283 554 3374 καταγόμενον
571 3287 642 3355 cod.
669 3279 1112 3377 Corriguntxacaypdpevov,
1125 3278 1329 3373 καταρχόμε-

327 3423 395 3479 νον,
417 3393 662 3486 κατεγρόμονος.
696 3398 843 3485 Quorum
866 3399 945 3464 nihil
960 3397 1090 3486 probari
1104 3405 1222 3484 potest.
1256 3395 1329 3483 Ipse

328 3511 513 3600 suspicabar
535 3513 643 3601 φεῦγε,
663 3513 781 3598 μεθεὶς
800 3505 905 3577 ὕπνον
919 3511 1023 3597 κῶμα,
1044 3505 1116 3575 κατ’
1135 3501 1240 3596 ἀγρὸν
1260 3502 1328 3574 ἰών.

329 3622 395 3690 Sed
416 3625 479 3688 hoc
501 3625 595 3688 etiam
615 3621 754 3710 languet.

418 3735 475 3800 lv,
508 3737 566 3801 Vs.
585 3735 606 3800 5
630 3735 701 3802 cod.
724 3740 816 3824 ἕρκος
838 3731 868 3800 δ’
887 3729 962 3800 οὐθ’
981 3726 1079 3819 ἱερόν.
1117 3731 1255 3796 Theocr.
1280 3728 1329 3795 ed.

331 3846 417 3912 Flor.
440 3847 546 3923 κᾶπος
567 3848 602 3913 δὲ
624 3841 759 3941 οκιερός.
797 3845 888 3912 Aliae
911 3839 1014 3920 σακὸς
1036 3840 1066 3909 δ’
1085 3833 1121 3908 εὖ
1142 3836 1237 3931 ἱερός.
1276 3844 1331 3906 Ja-

332 3959 463 4026 cobsius
486 3964 578 4048 ἔρκος
599 3960 634 4026 δὲ
657 3953 793 4048 σκιερόν,
815 3957 903 4046 quod
927 3957 986 4022 etsi
1007 3957 1126 4042 recepi,
1146 3975 1262 4019 vereor
1285 3962 1331 4018 ta-

330 4093 404 4137 men
433 4092 474 4136 ne
503 4070 591 4139 aliud
620 4071 696 4159 quid
724 4073 758 4136 in
788 4068 859 4136 cod.
887 4067 1027 4136 lectione
1055 4067 1161 4134 lateat.
1206 4068 1264 4131 Vs.
1289 4067 1331 4131 ll
