3028 4826
498 479 815 541 conlacrlnnl.
1103 483 1158 538 21³

158 634 306 701 Palladas
327 635 373 714 X,
395 635 437 701 97
465 635 582 719 λίτραν
603 633 684 699 ἐτῶν
705 627 807 714 ζήσας
827 623 911 714 μετὰ
930 632 1157 719 γραμματικῆς

158 741 389 833 βαρυμόχθου.
423 743 511 811 Idem
526 745 578 824 xl,
593 747 659 811 340
674 745 805 810 πολλῶν
817 737 881 830 γάρ
896 741 1015 831 μωρῶν
1029 743 1157 830 ἔχθραν

159 851 404 942 ὲπεσπασάμην.
454 857 610 922 Maximus
632 857 706 942 περὶ
727 877 798 920 κατ.
822 876 869 918 vs.
891 856 957 919 213
979 850 1018 920 οὐ
1039 848 1103 940 γάρ
1125 878 1157 918 τι

159 973 255 1059 φέροι
282 960 452 1058 λαιψηράν
478 964 597 1051 ὑγείην.
648 966 809 1034 Consulto
839 968 931 1031 omisi
958 965 1155 1051 Antiphilam

158 1080 253 1145 Anth.
268 1078 335 1145 Pal.
351 1080 401 1158 lX,
423 1081 496 1158 551,
518 1080 548 1158 2,
571 1078 612 1144 de
635 1100 698 1165 quo
722 1077 786 1143 dixi
807 1102 838 1166 p.
853 1080 919 1144 216
943 1085 975 1143 et
989 1075 1154 1141 Platonem

159 1191 253 1255 Anth.
275 1189 364 1255 Plan.
378 1191 435 1268 IV,
453 1192 515 1255 160
537 1185 609 1255 ἀλλ’
629 1187 648 1255 ὁ
672 1182 805 1278 σιδηρός
823 1187 938 1269 ἕξεσιν,
961 1190 1037 1254 οίαν
1053 1185 1156 1275 Ἄρης
1232 1225 1236 1241 =

157 1296 260 1381 η’θελε
282 1293 343 1379 τὴν
357 1301 509 1390 Παφίην,
530 1300 586 1366 ubi
599 1299 770 1390 legendnm
792 1297 835 1366 οἷ’
850 1293 901 1380 άν,
924 1310 957 1365 et
971 1299 1155 1368 Callimaeh.

159 1411 209 1477 ed.
231 1411 349 1476 Blomf.
372 1412 483 1500 Epigr.
504 1412 550 1492 11,
573 1413 594 1476 4
616 1405 702 1477 ἀλλά
724 1405 765 1478 σι)
785 1415 846 1498 μέν
867 1435 946 1490 που,
968 1408 1042 1492 ξεῖν’
1064 1407 1156 1475 Ἀλι·
1228 1421 1229 1424 ’

158 1524 350 1612 καρνησσεῦ,
370 1518 482 1614 τόφρα
502 1517 607 1588 πάλαι
621 1522 750 1601 σποδίη,
771 1523 827 1589 ubi
840 1522 1022 1588 revocanda
1036 1523 1156 1609 optima

159 1634 230 1700 cod.
258 1633 355 1699 lectio
385 1628 586 1721 τετράπαλαι
606 1628 740 1714 σποδιή,
770 1633 1006 1701 aBlomfioldo
1029 1632 1154 1699 demum

160 1755 315 1832 corrupta.

438 2034 638 2087 normanna
655 2037 713 2088 nar.
727 2037 795 2104 vn,
812 2033 878 2088 tes.
959 2021 960 2024 ’

201 2162 306 2246 Δᾶμις
328 2159 346 2226 ὁ
370 2154 521 2238 Νυσαείις
542 2154 640 2247 ἐλαχύ
661 2157 790 2252 σκάφος
810 2162 845 2227 ἔκ
865 2183 944 2226 ποτε
965 2155 1090 2226 πόντου

242 2269 362 2338 Ἰονίου
383 2273 461 2337 ποτί
481 2270 547 2356 μάν
567 2273 770 2339 νανστολέων
792 2273 956 2349 Πέλοπος,

203 2384 345 2473 ιμορτίδα
366 2384 426 2468 μὲν
446 2384 503 2448 καὶ
522 2377 633 2448 πάντα
654 2376 734 2458 νεὼς
756 2377 938 2470 ἐπιβήτορα
959 2378 1050 2460 λαόν,

245 2490 364 2580 κύματι
384 2494 441 2559 καὶ
462 2493 575 2581 συρμῷ
595 2493 817 2580 πλαζομένους
839 2492 976 2579 ἀνίμων,

202 2604 363 2687 ἀσκηθεῖς
384 2601 521 2672 ἐσάωσε·
543 2607 744 2690 καθιεμένης
765 2601 795 2670 δ’
817 2605 871 2670 ἐπὶ
891 2608 1024 2692 πέτραις

245 2713 400 2807 ἀμκύρης,
421 2717 557 2805 ψυχρῶν
577 2711 748 2784 κάτθανεν
769 2719 804 2780 ὲκ
825 2710 982 2805 νιφάδων,

201 2824 330 2914 ἠμύσας
352 2825 371 2894 ὁ
391 2828 549 2913 πρέσβυς·
570 2823 613 2893 ίὸ’
633 2823 675 2904 ὡς
695 2827 811 2913 λιμένα
832 2819 951 2910 γλυκὺν
972 2818 1084 2902 ἄλλοις

246 2935 336 3018 δούς,
357 2937 442 3018 ξένε,
464 2932 523 3005 τὸν
544 2935 673 3021 Λήθης
694 2931 793 3014 αὐτὸς
815 2938 869 3003 liv
891 2940 1014 3023 λιμένα.

158 3089 267 3152 Minus
296 3084 476 3165 commode,
503 3095 539 3151 ut
565 3085 641 3150 mihi
663 3083 789 3172 quidem
814 3083 954 3164 videtur,
980 3092 1080 3169 poeta
1101 3105 1155 3149 na-

158 3220 229 3262 vem
250 3220 342 3284 quam
365 3219 461 3284 supra
482 3190 581 3282 ἐλαχτ)
601 3191 728 3286 σκάφος
750 3196 886 3276 (λίσσεταί,
904 3197 988 3260 vs.3
1011 3193 1152 3282 appellat

159 3310 310 3398 ιμσρτίδα,
331 3311 351 3373 i.
368 3331 395 3374 e.
411 3312 588 3374 onerariam
601 3311 739 3396 ingentis
754 3307 988 3397 magnitudinis.
1022 3307 1070 3372 lta
1084 3311 1154 3394 ipse

157 3420 326 3507 Antipater
344 3421 424 3499 Vll,
443 3417 508 3488 287
537 3422 590 3486 ἐπὶ
618 3420 751 3510 φορτίὸι
771 3420 826 3500 νηί
850 3419 993 3508 ίμπορον
1015 3422 1153 3506 opponit

159 3529 272 3616 ὀλίγης
293 3531 433 3614 ναυτίλῳ
455 3533 600 3619 εἰρεσίης.
637 3531 748 3597 Malim
769 3533 868 3619 igitur
888 3531 1020 3620 φορτία,
1041 3540 1077 3595 ut
1091 3532 1155 3595 Da-

158 3645 216 3707 mis
231 3663 353 3707 merces
369 3651 402 3707 et
415 3651 561 3707 vectores
576 3642 682 3709 salvos
697 3645 891 3733 praestitisse
907 3641 1036 3708 dicatur.
1059 3645 1116 3707 Vs.
1133 3645 1153 3708 5

157 3757 271 3819 iniuria
292 3754 438 3831 fortasse,
460 3762 492 3817 at
513 3754 630 3820 haereo
646 3765 750 3819 tamen
772 3757 807 3834 in
820 3754 927 3819 verbis
948 3755 1002 3820 ἐπὶ
1015 3757 1155 3843 πέτραις,

158 3864 271 3950 quibus
292 3863 368 3930 vide
397 3885 438 3928 an
466 3866 519 3931 ἐπὶ
541 3862 695 3953 Πάτραις
724 3863 978 3932 substituendum
1004 3868 1053 3931 sit
1096 3868 1155 3932 Pe-

158 3976 371 4062 loponnesum
401 3979 484 4042 enim
513 3997 583 4044 cum
613 4000 651 4043 ex
678 3979 771 4044 Ionio
799 3979 878 4042 mari
900 3987 996 4042 nauta
1023 3987 1155 4064 peteret,

158 4108 225 4153 non
254 4089 464 4176 improbabile
493 4099 542 4155 est
569 4092 603 4155 in
630 4091 827 4156 Patrensium
861 4098 989 4176 portum
1017 4088 1155 4157 delatum
