3026 4816
461 476 726 538 annornm
749 476 935 536 Clil'l'lCA.
1151 482 1203 538 107

197 627 313 712 τόπαξ.
358 624 539 697 Brunckius
561 631 626 697 τῶν
648 631 789 718 ῥυδίνων
811 625 841 694 δ’
867 624 1009 710 ἁπόπαξ,
1032 631 1119 718 qnod
1141 633 1205 698 He-

108 771 110 776 ·
199 744 328 831 sychius
353 766 412 832 per
435 738 568 829 σύμπαν
593 741 735 829 explieat
786 740 995 807 Scribendum
1019 747 1126 830 potius
1149 747 1205 810 καὶ

174 897 177 904 .
199 861 294 922 πέντε
316 849 509 946 στεφάνους,
530 853 597 919 τῶν
610 852 751 938 ῥοδίυων
766 853 809 918 δέ.
844 855 878 918 τί
892 849 961 933 πάξ
967 881 977 938 3
999 854 1052 919 vel
1067 856 1133 921 τῶν
1147 857 1205 940 ῥο-

201 969 315 1033 δίνωυ·
345 968 379 1031 τί
406 959 444 1032 τὸ
473 961 558 1046 πάξ,·
602 966 650 1030 Ut
675 974 777 1029 totum
805 967 869 1030 hoc
896 987 1024 1031 carmen
1048 967 1206 1032 mimicum

200 1089 256 1160 est
279 1082 323 1143 ita
344 1078 439 1167 fingit
461 1079 513 1141 hie
535 1074 630 1140 etiam
650 1086 747 1162 poeta
767 1096 892 1142 servum
916 1076 1037 1142 domini
1059 1078 1205 1143 mandata

173 1191 366 1278 deprecari
396 1199 429 1255 et
456 1199 492 1254 ut
519 1189 617 1254 finem
639 1191 731 1253 iussis
755 1187 849 1253 iaciat
878 1209 950 1254 eum
975 1209 1116 1254 monere.
1168 1188 1205 1255 ld

201 1307 255 1389 qui
276 1304 420 1367 facerent
447 1303 495 1366 uti
517 1309 668 1386 poterant
690 1302 913 1364 interiectione
936 1296 1012 1380 πάξ,
1033 1303 1054 1364 i.
1078 1323 1104 1364 e.
1130 1302 1206 1367 ohe

201 1418 274 1479 iam
303 1416 406 1479 satis
437 1422 506 1477 est.
553 1411 711 1499 Apposite
734 1410 775 1475 ad
796 1411 939 1476 nostrum
966 1411 1071 1483 locum
1094 1413 1207 1499 Diphi-

200 1524 250 1591 lus
273 1523 359 1611 apud
381 1523 495 1590 Athen.
520 1524 564 1603 ΙΙ,
586 1547 618 1610 p.
642 1525 683 1588 67
708 1523 738 1586 d.
768 1523 890 1588 δειπνεῖ
918 1523 952 1588 δὲ
973 1517 1117 1601 καταδὺς
1139 1526 1207 1602 πῶς

202 1637 307 1713 δοκεῖς
327 1637 544 1712 Λακωνικῶς,
575 1629 670 1714 ὄξους
696 1635 730 1699 δὲ
752 1630 899 1714 κοτύλην.
937 1635 976 1698 Β.
999 1630 1075 1714 πάξ.
1115 1637 1151 1700 Α.
1174 1639 1207 1700 τί

200 1742 277 1826 πάξ.
322 1749 423 1812 Vsir
453 1743 548 1811 οὐδέν
579 1769 615 1811 ex
647 1749 731 1810 servi
758 1766 897 1832 persona
920 1745 1038 1812 dietum
1062 1758 1124 1826 est,
1153 1749 1207 1832 qui

201 1881 297 1945 quum
311 1859 407 1924 herus
421 1861 652 1946 interrogasset
668 1854 727 1922 οὐκ
742 1853 879 1938 ἀδικεῖς,
902 1858 1099 1944 respondere
1114 1859 1207 1946 lingi-

202 1980 255 2036 tur
277 1967 382 2035 οὐδέν.
416 1969 586 2035 Jacobsius
602 1969 703 2034 edidit
718 1965 776 2034 οὐκ
794 1965 932 2050 ἀδικεῖς,
956 1966 1067 2050 οὐδέν,
1091 1971 1208 2055 Quam-

202 2104 293 2168 quam
315 2085 419 2169 possis
435 2084 529 2145 etiam
544 2077 602 2146 οὐκ
618 2077 738 2156 ἀδικεῖς
753 2076 865 2162 ου’δὲνς
900 2082 957 2146 Vs.
974 2084 993 2145 7
1018 2081 1207 2161 Brunckius,

201 2215 269 2259 non
297 2193 499 2281 improbante
525 2190 697 2269 Jacobsio,
732 2183 836 2265 άλλας
865 2186 939 2269 δύο,
977 2190 1072 2257 duas
1106 2193 1207 2256 alias

203 2305 416 2371 drachmas.
453 2302 554 2389 Quod
575 2301 666 2366 nihili
689 2310 745 2366 est.
780 2301 989 2367 scribendum
1012 2301 1116 2381 ἀλλᾶς
1138 2301 1206 2370 δύο.

202 2419 297 2482 Vsss
319 2416 491 2482 Jacobsius
514 2409 572 2493 ὠά,
593 2407 708 2496 λαγώς.
751 2411 817 2476 Sed
840 2401 908 2476 ὦτα
931 2414 1066 2479 fortasse
1089 2418 1208 2479 servari

203 2537 320 2616 potest,
336 2531 363 2592 si
378 2532 412 2592 in
426 2527 491 2592 fine
508 2527 681 2612 superioris
696 2545 805 2588 versus
824 2527 975 2611 scriptum
991 2525 1088 2591 fuisse
1104 2548 1207 2612 ponas

203 2643 297 2705 πέντε
319 2637 358 2702 θ’
384 2634 470 2716 ὕεια,
500 2636 553 2702 vel
576 2634 678 2701 simile
707 2635 792 2722 quid.
839 2635 942 2701 Aures
963 2636 1071 2702 suillas
1097 2643 1131 2702 in
1154 2638 1208 2704 de-

203 2753 282 2817 liciis
305 2751 403 2816 fuisse
426 2773 521 2836 quum
543 2747 672 2814 aliunde
695 2756 822 2812 constat
837 2757 902 2812 tum
919 2770 955 2813 ex
971 2747 1106 2814 Alexide
1124 2750 1209 2837 apud

112 2933 113 2936 ,
203 2864 318 2928 Athen.
341 2864 395 2942 111,
412 2886 443 2948 p.
462 2864 522 2927 107
543 2861 570 2926 b.
606 2859 744 2945 Reliqua
764 2862 798 2924 in
822 2858 892 2924 cod.
916 2863 958 2925 ita
982 2865 1098 2948 scripta
1120 2874 1207 2928 sunt:

206 2971 386 3062 σκόμβροις
408 2975 572 3058 θεσμυκες
591 2971 739 3056 χαὸονες,
761 2993 841 3056 quae
859 2983 945 3036 reete
961 2972 1141 3038 emendavit
1154 2977 1209 3039 Ja-

206 3086 343 3152 cobsius
372 3088 431 3150 Vs.
447 3089 486 3150 10
502 3083 542 3148 ad
558 3081 720 3168 ἀργυρέας
735 3083 871 3149 subaudi
887 3080 1063 3164 ληκύθους.
1092 3087 1208 3151 Vs.12

205 3201 282 3262 mira
312 3200 482 3262 commenti
506 3206 580 3260 sunt
602 3196 718 3273 critici,
746 3197 800 3280 qui
821 3197 964 3282 Βακχῶν
984 3206 1112 3284 poetam
1134 3201 1209 3262 seri-

135 3375 138 3383 ,
205 3313 307 3395 psisse
332 3308 544 3387 crediderunt,
567 3311 655 3393 quasi
674 3309 868 3373 Baccharum
891 3308 1026 3396 lupanar
1048 3308 1210 3374 habuisset

206 3422 354 3487 Aeschra.
406 3419 625 3486 Certissimum
655 3430 704 3485 est
732 3441 849 3486 nomen
876 3421 927 3485 hie
949 3424 1088 3507 positum
1110 3423 1209 3487 fuisse

207 3537 274 3598 eius
304 3536 357 3619 qui
385 3533 535 3618 loquitur.
586 3533 663 3618 lque
686 3532 812 3618 idpsum
833 3532 967 3619 praebet
993 3534 1063 3598 cod.
1085 3533 1153 3599 Pal.
1175 3537 1209 3598 in

207 3667 271 3732 quo
294 3641 427 3730 βάκχων
450 3647 599 3731 scriptum
623 3654 680 3708 est.
718 3645 827 3731 Itaque
852 3639 991 3730 Βάκχων
1015 3645 1109 3710 edidi.
1147 3647 1210 3711 Eu-

207 3758 340 3822 stathius
364 3756 405 3821 ad
428 3756 492 3822 od.
515 3781 547 3844 p.
573 3759 666 3835 1653,
689 3759 741 3822 33.
787 3751 929 3842 Βάκχων
950 3752 1130 3842 Βάκχωνος
1154 3760 1209 3823 καὶ

207 3868 329 3954 Σίμων
351 3867 525 3955 Σίμωνος,
558 3866 576 3933 ὁ
599 3869 807 3954 Βακχυλίδης
829 3862 956 3950 δηλαδὴ
983 3869 1038 3933 καὶ
1059 3868 1210 3954 Σιμωνίψ

207 3981 279 4060 ὃης,
308 3971 354 4046 ὧν
383 3984 439 4048 καὶ
462 3975 665 4070 φυλάσσεται
687 3975 726 4046 τὸ
750 3987 775 4045 oi
797 3981 858 4059 τῆς
883 3977 1019 4056 εὐθείας
1041 3985 1076 4044 ἐν
1097 3983 1135 4071 τῇ
1157 4004 1210 4064 γε·

207 4094 297 4181 utaris
332 4093 397 4157 lam
421 4093 504 4158 clara
528 4095 633 4158 omnia
657 4105 689 4156 et
711 4094 888 4178 perspicua.
931 4092 1001 4169 Dic,
1028 4095 1138 4177 inquit,
1160 4115 1210 4157 me
