3026 4816
456 449 716 510 Annorsrro
740 448 927 509 enimes.
1091 407 1114 464 .·
1140 453 1191 508 ιιι

186 605 247 680 τοῦ
273 597 478 678 Ξανθίππου
504 605 646 682 πλησίον
674 607 806 682 ίσῑηκον
827 598 1015 684 Ἀνακρέων
1044 599 1063 666 ὁ
1091 596 1193 681 Triton

188 753 229 768 -
251 717 309 781 καί
337 718 370 781 οὶ
398 709 437 781 τὰ
467 710 579 801 σχῆμοί
606 718 695 779 ἐστιν
716 709 789 779 οἷον
811 706 952 797 ιζίδονιος
980 705 1023 777 ἄν
1044 716 1080 778 ἐν
1100 713 1192 804 μέθῃ

185 838 313 914 γένοιτο
343 822 537 916 ἀνθρώπου.
581 825 670 890 Idem
699 825 803 891 λίθον
832 818 970 889 ὃινοιόν
994 822 1034 888 dc
1057 821 1136 888 sella
1158 827 1192 888 in

186 937 326 1026 cylindri
347 938 482 1004 formam
501 935 674 1002 rotundata
694 938 936 1022 interpretatur,
966 936 1018 1000 cui
1039 933 1194 1000 insederit

186 1049 366 1116 Anacreon.
424 1051 520 1136 Atqui
556 1046 720 1113 sedentem
749 1068 816 1112 non
848 1048 930 1136 fingi
958 1048 1192 1112 Anacreontem

187 1160 375 1238 aLeonida,
398 1158 494 1224 docet
515 1159 645 1224 ultimus
667 1161 813 1223 carminis
834 1181 956 1225 versus:
980 1151 1106 1246 οὐγὰρ
1128 1159 1193 1224 dot·

186 1294 241 1338 κεν
270 1277 304 1338 ὲκ
324 1265 462 1356 Βάκχον
489 1273 619 1338 πίπτειν
639 1263 832 1356 Βακχιακόν
857 1272 1005 1357 θέραποι.
1055 1270 1127 1335 Νοο
1148 1270 1193 1334 la-

186 1393 242 1449 vet
270 1404 407 1470 sequens
437 1404 563 1448 carmen
591 1386 625 1447 in
655 1382 789 1448 eandem
812 1383 1024 1448 Anacreontis
1050 1391 1192 1460 statuam,
1281 1467 1286 1478 .

186 1499 221 1560 in
243 1517 309 1583 quo
331 1493 464 1560 verbnm
485 1491 711 1561 ὑπισκέλισται
736 1493 776 1559 de
799 1494 932 1559 sedente
961 1493 1025 1559 dici
1045 1514 1113 1558 non
1135 1514 1193 1581 po·
1218 1542 1235 1560 .-

187 1610 256 1674 tuit.
307 1607 418 1692 Itaque
447 1606 663 1695 anaglyphum
686 1605 824 1671 describi
846 1609 989 1672 existimo
1013 1629 1083 1692 cum
1105 1607 1194 1692 Hey-

187 1722 258 1799 nio,
287 1728 320 1783 ct
349 1711 486 1784 δινωτὸν
513 1718 616 1784 λίθον
639 1717 680 1783 de
702 1740 859 1784 marmore
887 1718 1013 1806 sculpto
1036 1720 1193 1806 interpre-

188 1840 249 1897 tor.
287 1831 382 1895 Vs.3
403 1825 459 1895 ὑπ’
480 1822 607 1914 ὄμμασι
628 1831 743 1917 scripsi
765 1841 940 1916 praeeunte
957 1832 989 1894 J.
1006 1830 1047 1896 G.
1063 1830 1193 1895 Schnei-

188 1940 267 2007 dero
290 1962 351 2028 pro
374 1935 425 2005 ἐπ’
452 1933 607 2027 ὄμμασιν.
651 1942 710 2006 Vs.
731 1944 762 2006 5.
787 1935 964 2026 μεθνπλὴξ
986 1963 1024 2007 cx
1046 1939 1193 2007 Callima-

188 2054 248 2118 cho
279 2053 450 2119 adscivisse
478 2051 606 2117 videtur
629 2055 754 2142 Fragm.
777 2055 843 2118 223
871 2055 931 2119 τοῦ
958 2075 993 2118 τε
1017 2052 1192 2137 μεθοπλῆ-

67 2203 70 2212 π
187 2189 246 2251 yon
279 2166 438 2256 φροίμιον
462 2159 664 2252 Ἀρχιλόχου.
720 2166 769 2230 lta
799 2168 882 2230 enim
914 2162 1115 2230 scribendum
1144 2174 1193 2230 est

188 2299 248 2364 pro
269 2271 468 2362 Ἀντιλόχου.
499 2277 645 2363 Respicit
668 2279 750 2341 enim
765 2275 995 2342 nobilissimum
1010 2275 1192 2341 Archilochi

112 2381 114 2386 ’
188 2411 327 2467 carmen,
351 2391 439 2452 cuius
461 2398 583 2475 partem
605 2390 743 2453 servavit
765 2388 879 2453 Athen.
894 2389 980 2466 XIV,
1000 2412 1031 2475 p.
1047 2388 1114 2452 628
1127 2412 1158 2453 ο.

274 2501 450 2567 XXXVIII.
487 2501 545 2566 Vs.
569 2503 588 2565 l
617 2498 718 2588 vulgo
741 2497 792 2564 ἐπ’
818 2493 996 2586 οίονόμοιο.
1041 2497 1192 2566 Correxit

188 2611 371 2678 Lobeckius
392 2610 496 2677 Paral.
518 2635 550 2699 p.
573 2614 649 2678 313.

274 2703 414 2788 XXXIX.
459 2723 510 2789 Ah
541 2723 610 2789 aliis
633 2722 803 2790 Gaetulico
833 2722 928 2788 tribui
957 2697 1128 2810 adnotatur
1156 2725 1192 2788 in

186 2836 332 2901 lemmate
355 2828 429 2900 cod.¹
449 2833 516 2901 Pal.
561 2835 629 2903 cfr.
653 2835 694 2902 ad
715 2818 826 2923 Epigrss
849 2836 963 2900 XXIX.

273 2949 340 3014 XL.
377 2949 434 3012 Vs.
452 2949 470 3012 l
494 2957 550 3013 aut
571 2948 779 3038 ἐκφυγοῦσαν
794 2956 849 3012 aut
871 2948 918 3013 ἔτι
941 2955 1122 3033 corruptum
1144 2951 1191 3013 vi-

188 3058 290 3126 detur.
323 3061 420 3126 Vs.3
442 3055 484 3125 ἴδ’
504 3056 548 3136 ὡς
568 3058 741 3125 Jacohsius
763 3061 796 3124 in
818 3061 912 3124 notis.
947 3057 1058 3146 Vulgo
1082 3053 1168 3124 ὶδιίν.

273 3171 386 3236 XLIII.
430 3171 488 3235 Vs.
513 3171 534 3236 3
562 3171 726 3236 κλαδίοισι
752 3170 945 3236 Lohechius.
998 3170 1082 3238 Cod.
1112 3165 1191 3236 κλοί-

187 3284 284 3349 δοισι.
329 3283 394 3348 Pro
423 3284 550 3372 ὲφίλκιι
570 3281 660 3346 Plan.
682 3278 821 3371 ὑφίλκει.
866 3284 933 3348 Aut
951 3282 1025 3348 ¹hoc
1046 3292 1102 3347 ant
1123 3278 1191 3372 ἀφ-

130 3454 134 3462 .
187 3396 270 3460 eluet
291 3416 401 3460 verum
423 3393 559 3459 videtur.

279 3507 393 3572 XLIV.
439 3506 590 3593 Philippo
625 3503 737 3570 tribuit
770 3501 940 3570 Planudes.
989 3506 1048 3570 Vs.
1072 3507 1095 3571 3
1122 3505 1190 3572 Pal.

165 3609 390 3706 ’λενκόπρωος
412 3628 444 3683 et
465 3612 615 3708 ὲφῶδιος.
659 3617 838 3702 Utrumque
862 3618 999 3681 correxit
1019 3616 1190 3684 Planudes.

186 3731 312 3794 Vocem
333 3724 558 3817 λοοκοόπωρος
579 3737 734 3794 memorat
755 3728 897 3814 Etymol.
919 3729 965 3794 M.
989 3751 1021 3815 pt
1041 3730 1115 3809 561,
1138 3731 1190 3796 47.

188 3841 227 3904 Εἰ
249 3839 352 3905 simile
375 3850 424 3905 est
445 3833 751 3931 φθινοοπωρισμός,
773 3843 801 3904 si
822 3850 928 3906 tamen
950 3821 984 3905 id
1005 3849 1092 3906 recte
1106 3841 1192 3908 Ana-

186 3953 260 4016 niae
282 3951 368 4039 apud
391 3953 590 4018 Athenaeum
613 3951 691 4030 VII,
720 3973 752 4037 p.
774 3953 839 4016 282
863 3953 881 4016 h
910 3953 1042 4018 restitui.
1087 3954 1146 4018 Vs.
1169 3955 1189 4019 4

188 4061 297 4127 forsan
326 4056 403 4142 τοὺς
430 4062 648 4141 scribendum
678 4071 763 4128 certe
785 4059 807 4144 ἡ
830 4055 950 4142 duod-og
972 4062 1102 4130 aliunde
1122 4086 1190 4130 non
