3028 4826
504 469 818 534 CONIECTANEA.
1107 475 1159 529 211

163 620 272 711 γόλας,
290 622 488 715 Ἀρκεσίλας,
512 628 670 706 Μενέλας,
692 625 762 692 alia.
800 627 968 690 Praeterea
989 627 1161 692 incommo-

165 738 241 803 dum
269 739 345 803 mihi
365 737 491 804 videtur
518 738 735 825 imperfectum
763 739 895 828 ἕκροφε,
921 756 981 824 pro
1011 757 1076 823 quo
1106 747 1161 803 aut

163 869 315 934 praesens
330 851 499 936 requiritur
513 859 567 914 aut
579 852 723 915 aoristus.
745 847 953 915 scribendum
966 850 1063 936 igitur
1074 849 1161 936 ίκρο

163 960 231 1042 βεν,
255 960 296 1025 de
319 983 380 1048 qua
402 962 504 1028 forma
524 984 555 1026 v.
577 961 774 1027 Lobeckium
796 960 837 1026 ad
858 961 978 1048 Phryn.
1000 984 1032 1047 p.
1048 961 1123 1026 318.

354 1270 555 1322 AN'HPA'I'EB
573 1270 734 1323 amonius
751 1271 811 1322 Pal.
825 1270 892 1338 vn,
910 1268 971 1322 ⁴24.

208 1379 372 1450 Μαστεύω
394 1407 443 1461 τις
464 1377 582 1468 εὐαγής
603 1386 656 1450 ἐπὶ
678 1378 849 1452 oroi-dude
868 1388 981 1468 πέτρᾳ,

251 1495 433 1573 Λνσιὸίκα,
455 1488 598 1573 γλοπτόν
619 1490 708 1563 τόνδ’
727 1489 863 1583 ἐχάραξε
885 1489 981 1578 νόονς

207 1603 286 1670 ἁνία
308 1602 372 1691 μιίρ
394 1608 450 1670 καὶ
471 1599 575 1690 κημὸς
597 1601 616 1672 ὅ
638 1602 831 1700 τ’,εὐόρννθι
851 1600 1010 1693 Τανάγρᾳ

251 1710 367 1793 οἰωνὸς
387 1717 554 1801 βλαστών,
576 1718 704 1806 θοῦρος
725 1715 947 1806 ἐγερσιμοίχας,

207 1825 265 1914 οὐχ
287 1822 380 1907 ἅδον,
403 1825 473 1894 orid'
493 1832 648 1908 ἐπέοικεν,
669 1825 892 1919 ὑπωροφίονσι
912 1824 1067 1913 γυναιξίν,

251 1934 337 2004 ἀλλὰ
358 1934 401 2006 τοί
422 1937 452 2006 τ’
470 1936 638 2022 ἠλακάτας
658 1942 738 2027 ἔργα
760 1936 802 2006 τά
824 1937 864 2005 θ’
883 1933 1074 2005 turonicae.

206 2043 269 2117 τᾶν
289 2053 349 2137 μὲν
370 2048 595 2139 ἀνεγρομέναν
614 2076 655 2136 με
676 2049 750 2118 ποτ’
771 2050 854 2140 ε’ίρια
874 2045 1026 2140 νύκτερος
1047 2043 1144 2140 ὅρνις,

250 2159 329 2228 ἁνία
351 2159 381 2227 δ’
401 2158 538 2229 addocet
559 2160 709 2248 δώματος
730 2162 879 2250 ἁνίοχον·

206 2266 373 2360 ἱππαστὴρ
396 2270 426 2338 δ’
446 2269 501 2339 ὅδε
523 2269 626 2361 κημὸς
648 2273 791 2342 ἀείσεται
812 2271 852 2340 οὐ
872 2269 1078 2357 πολύμυθον,

251 2381 290 2451 οὐ
311 2379 427 2464 λάλον,
451 2382 538 2450 ἀλλὰ
557 2387 662 2464 καλοῖς
683 2388 822 2472 ἔμπλεον
843 2381 990 2470 ἁσυχίας.

162 2520 274 2585 Priora
295 2522 382 2585 varie
410 2530 531 2586 tentata
552 2532 641 2600 sunt;
670 2533 833 2609 postremo
854 2519 1024 2585 Jacobsius
1048 2521 1082 2584 τί
1103 2538 1160 2584 σεο

162 2624 250 2716 ἀκμὴ
278 2634 331 2698 ἐπὶ
359 2628 529 2698 avertunt
554 2637 658 2721 πέτρη
681 2643 739 2699 etc.
767 2634 832 2699 hoc
859 2653 968 2696 sensu:
997 2628 1074 2715 quid
1102 2650 1160 2693 vo·

162 2741 232 2808 lens
255 2743 335 2808 caeli
363 2747 467 2831 cuspis
495 2744 574 2810 haec
595 2744 742 2830 symbola
763 2748 859 2832 cippo
882 2753 939 2808 tuo
964 2741 1158 2828 inculpserit

161 2853 259 2918 Nulla
283 2877 351 2919 cum
365 2860 433 2920 veri
455 2855 673 2933 similitudine;
696 2879 756 2921 nec
778 2849 867 2940 ἀκμή
888 2875 946 2941 per
967 2874 1003 2919 ae
1023 2851 1063 2918 de
1079 2852 1159 2918 caeli

162 2965 292 3053 cuspide
314 2966 378 3032 dici
399 2977 515 3054 potest.
567 2967 733 3033 Sententia
754 2969 829 3032 mihi
851 2966 1012 3051 requirere
1033 2964 1160 3030 videtur

161 3072 311 3162 μαστεύω
338 3080 372 3144 τί
401 3098 458 3144 σεο
486 3069 582 3158 εὗνις,
614 3083 778 3145 maritus
807 3088 908 3143 tuus.
963 3077 1046 3142 Nanr
1076 3066 1161 3153 οὖνις

162 3191 254 3255 etiam
284 3188 326 3255 de
346 3192 418 3255 viro
449 3189 512 3255 dici
535 3190 674 3255 disertim
704 3193 869 3256 annotavit
889 3185 1031 3276 Etymol.
1053 3188 1099 3252 Μ.
1127 3210 1158 3274 p.

162 3301 243 3379 393,
265 3302 309 3366 38
337 3291 422 3378 adme
450 3303 603 3387 σημαίνει
628 3297 688 3368 τὸν
716 3296 822 3391 ἄνδρα
849 3304 905 3369 καὶ
931 3294 991 3382 την
1012 3306 1159 3384 γυναῖκα,
1263 3325 1268 3349 ¹

162 3407 180 3475 ὁ
210 3401 295 3488 adme
322 3414 377 3478 καὶ
404 3409 424 3494 ἡ
452 3402 544 3489 εὖνις.
595 3415 659 3479 Pro
689 3411 873 3493 σταλάτιδε,
902 3435 983 3500 quae
1004 3411 1159 3476 Brunckii

161 3526 318 3589 correctio
343 3533 404 3602 est,
433 3523 505 3588 cod.
528 3525 626 3590 habet
647 3520 824 3607 σταλήτιδι.
868 3523 1076 3592 Scribendum
1102 3525 1161 3610 igi-

161 3643 215 3699 tur
241 3635 410 3702 σταλίτιδι.
462 3634 604 3701 Alterum
631 3657 699 3703 non
727 3641 827 3727 magis
854 3658 970 3726 graece
998 3636 1161 3701 dicebatur

162 3767 254 3831 quam
276 3743 438 3829 στηλήτης
460 3767 520 3833 pro
543 3749 705 3829 στηλίτης.
743 3750 854 3836 ltaque
875 3752 1012 3837 primum
1030 3748 1093 3812 hoc
1115 3745 1161 3811 di·

162 3857 288 3923 stichon
310 3862 355 3924 ita
376 3858 600 3948 retingendum
623 3870 684 3925 est:
728 3933 730 3936 ¹
1202 3871 1206 3878 '

206 3965 372 4037 Μαστούω
394 3971 427 4036 τί
449 3989 506 4036 σεο
527 3958 612 4048 εὖνις
634 3974 688 4038 ἐπὶ
709 3972 870 4039 σταλίτιδι
893 3974 1005 4058 πέτρᾳ,

248 4083 430 4162 Λνσιδίκα,
452 4077 597 4166 γλοπτόν
617 4077 709 4150 τόνδ’
728 4079 865 4173 ἐχάραξε
887 4077 975 4149 νόον.

883 4196 925 4260 lt
939 4195 961 4240 *
