3026 4816
336 451 371 507 84
694 450 985 502 ΔΙΟΣΚΟΡΙΔΟΥ

788 623 891 688 XXV.

341 731 410 815 Τῆς
431 731 571 818 Σαμίης
591 727 631 799 τὸ
652 735 768 821 μνῆμα
794 733 1001 809 Φιλαινίδος·
1023 727 1109 798 ἀλλά
1131 739 1320 820 προσειπεῖν

326 891 328 897 s
378 843 484 925 τλῆθί
504 867 544 929 με
566 846 623 911 καλ
644 839 766 925 στήλης
786 846 931 926 πλησίον
951 832 1032 932 ὦνερ
1055 841 1118 909 λ’θι.

336 951 395 1020 ουἰκ
417 950 474 1042 εἴμ’
499 951 522 1036 ἡ
543 948 587 1020 τά
607 953 757 1040 γυναιξὶν
778 950 1009 1044 ἀναγράψασα
1031 949 1201 1042 προσάντη

379 1067 461 1154 ἔργα
482 1068 539 1132 καὶ
560 1062 719 1153 αἰσχύνην
740 1065 781 1134 οὐ
801 1068 970 1151 νομίσασα
990 1059 1086 1144 θεόν,

338 1169 425 1243 ἀλλά
448 1171 657 1268 φιλαιδημων
678 1177 734 1244 ναὶ
756 1172 838 1264 ἐμὸν
858 1171 979 1267 τάφον.
1002 1180 1030 1242 εί
1051 1175 1086 1240 δέ
1107 1198 1158 1253 τις
1177 1172 1281 1262 ἡμέας

379 1283 542 1375 αίσχόνων
563 1283 714 1377 λαμυρὴν
734 1291 875 1356 έπλασεν
895 1287 1054 1376 ἱστορίην,

335 1399 397 1466 τοῦ
417 1401 478 1485 μέν
499 1396 683 1480 ἀναπτύξω
700 1395 823 1490 χρόνος
843 1391 984 1485 οὕνομα,
1005 1392 1098 1483 τάμὰ
1120 1397 1155 1463 δὲ
1176 1392 1300 1486 λυγρήν

379 1507 479 1577 ὀστέα
498 1511 664 1602 τερφθείη
687 1507 809 1603 κληδόν’
835 1507 1065 1595 ἀπωσαμένης.

779 1649 894 1715 XXVI.

336 1760 445 1826 Πέντε
466 1753 568 1847 κόρας
589 1761 646 1826 καὶ
667 1764 761 1826 πέντε
782 1755 855 1825 Bw}
876 1754 1040 1846 Διδάμωνι
1060 1757 1200 1825 τεκοῦσα

380 1863 522 1959 ἄρσενας
544 1868 618 1938 οὐδὲ
638 1871 718 1957 μιάς
741 1868 811 1937 οὐδ’
837 1864 911 1948 ἑνός
932 1866 1094 1950 ὠνάσατο,

334 1975 357 2062 ἢ
378 1978 445 2067 μέγ’
471 1976 689 2071 ἀριστεύουσα
710 1984 766 2048 καὶ
788 1976 935 2059 εὔτεκνος
957 1980 1017 2069 οὐχ
1037 1974 1102 2048 ὑπό
1123 1980 1252 2046 παίδων

379 2090 531 2170 ὀθνείοις
552 2089 583 2159 δ’
609 2087 716 2185 ἐτάφη
736 2095 830 2182 χερσὶ
851 2093 1010 2160 θανοῦσα
1032 2087 1115 2157 Βιό.

770 2233 899 2296 XXVII.

341 2335 474 2428 Τόμβος
490 2337 537 2408 όδ
546 2339 606 2409 ἔστ’
621 2336 783 2434 ὤνθρωπε
793 2343 1000 2434 Σοφοκλέος,
1019 2333 1162 2429 ὃνπαρά
1176 2341 1341 2409 Μουσέων

377 2445 454 2541 ἱρὴν
474 2455 668 2543 παρθεσίην
689 2449 776 2539 ἱερὰς
798 2447 843 2521 ὢν
865 2455 999 2540 έλαχον·

251 2639 254 2643 ,
336 2558 374 2641 ός
393 2588 434 2651 με
455 2558 515 2632 τὸν
537 2569 573 2630 ἐκ
598 2565 795 2645 Φλιοῦντος,
816 2568 863 2631 έτι
883 2564 1040 2652 τρίβολον
1061 2567 1234 2644 πατέοντα,

378 2677 529 2766 πρίνινον
550 2681 584 2754 ές
601 2672 742 2764 χρύσεον
764 2677 875 2762 σχῆμα
896 2669 1148 2762 μεθηρμόσατο,
1233 2673 1237 2682 “

335 2787 391 2853 καλ
412 2779 533 2867 λεπτὴν
553 2787 702 2854 ἐνέδυσεν
724 2785 922 2875 ἁλουργίδα·
944 2786 1005 2851 τοῦ
1027 2785 1061 2850 δὲ
1083 2780 1253 2862 θανόντος

378 2890 519 2964 εὔθετον
540 2891 705 2985 ὀρχηστὴν
732 2895 801 2990 τῇδ’
828 2895 999 2963 ἀνέπαυσα
1021 2890 1119 2961 πόδα.
1144 2933 1185 2947 -

328 3002 475 3093 Ὄλβιος,
497 3004 541 3085 ὡς
561 3003 702 3093 ἀγαθὴν
723 3010 835 3096 ἔλαχες
856 3003 989 3076 στάσιν·
1010 3004 1032 3088 ἡ
1055 3004 1086 3072 δ’
1112 3010 1161 3075 ἐνὶ
1179 3010 1292 3097 χερσίν

377 3114 531 3208 κοόριμος
552 3124 588 3184 έκ
609 3122 707 3201 ποίης
727 3116 786 3202 ἥδε
809 3120 1038 3202 διδασκαλίηςς
1060 3155 1104 3167 -

334 3227 412 3298 Είτε
435 3251 489 3297 σοι
505 3225 701 3316 Ἀντιγόνην
723 3236 824 3298 εἰπεῖν
845 3233 961 3323 φίλον,
983 3227 1043 3296 οὐκ
1064 3224 1107 3296 ἀν
1128 3225 1299 3320 ἁμάρτοις,

379 3338 440 3409 είτε
461 3343 519 3409 καλ
536 3338 735 3431 Ἠλέκτραν·
762 3337 951 3432 ἀμφότεραι
970 3334 1035 3430 γάρ
1058 3335 1169 3431 ἀκρον.

761 3482 909 3546 XXVIII.

334 3586 438 3678 Κηγώ
460 3591 644 3658 Σωσιθέου
664 3596 769 3680 κομέω
792 3597 900 3672 νέκυν,
923 3587 1027 3659 ὅσσον
1049 3597 1084 3659 έν
1106 3587 1199 3658 ἀστει

378 3697 479 3780 ἀλλος
500 3699 552 3768 ἀπ’
578 3699 759 3789 αὐθαίμωυ
779 3700 944 3793 ἡμετέρων
966 3703 1162 3795 Σοφοκλῆν,

404 3893 491 3952 XXV.
508 3892 564 3952 Pal.
577 3893 640 3964 VII,
658 3898 719 3952 450.
742 3894 822 3953 Vs.6
839 3899 956 3972 λαμυρὰν
975 3894 1022 3953 Vs.
1036 3899 1052 3951 7
1070 3898 1165 3971 λυγρόν
1183 3905 1217 3937 -’
1234 3893 1336 3952 XXVI.

334 3979 391 4037 Pal.
402 3979 462 4050 VII,
473 3983 535 4038 484.
552 3979 630 4038 Μ
649 3991 677 4037 εί
693 3985 712 4038 3
724 3981 850 4039 ἀνάαατο.
868 3983 885 4054 ἡ
901 3991 947 4056 μὲν
965 3981 1061 4059 ἀρίστη
1076 3985 1157 4040 ἰοῦσα
1169 4013 1203 4023 -
1221 3981 1335 4039 XXVII.

334 4065 390 4124 Pal.
401 4065 465 4138 Vll,
483 4070 526 4125 37.
545 4096 579 4109 -
599 4067 721 4128 XXVIII.
740 4066 794 4127 Pal.
807 4067 871 4139 vll,
890 4072 949 4127 7⁰7.
