3016 4808
328 442 364 496 26
585 441 776 492 ΛΕΩΝῙΔΛ
799 444 1073 492 ΤΛΡΛΝΤΙΝΟΥ

328 586 481 672 Εὐάλκης
503 587 521 656 ὁ
545 583 640 680 Κρὴς
661 586 826 658 ἐπινάκτια
847 591 939 676 μῆλα
959 585 1106 678 νομεύων

372 705 476 794 πέφνε
497 705 553 770 καὶ
575 708 610 769 ἐκ
632 698 754 783 ταύτης
775 706 951 790 ἐκρέμασεν
972 703 1094 778 πίτυος.

791 835 864 900 VII.

329 947 477 1032 Δίνδυμον
498 948 555 1013 καὶ
581 947 729 1036 Φρυγίης
748 949 922 1035 πορικαέος
944 941 1177 1035 ἀμφιπολεῦσα

308 1110 312 1118 .
371 1058 504 1145 πρῶνας
525 1051 587 1138 τὴν
607 1055 741 1147 μικρήν,
762 1059 875 1146 μῆτερ,
895 1053 1131 1144 Ἀριστοδίκην,

327 1164 450 1260 κούρην
471 1165 654 1251 Σειλήνης,
674 1163 881 1256 παμπότνια,
903 1172 968 1245 κείς
988 1163 1145 1253 ὑμέναιον

372 1287 437 1359 κείς
457 1276 567 1368 γάμον
588 1277 762 1371 άβρύναις,
783 1281 924 1368 πείρατα
946 1274 1156 1363 κονροσάνας,

329 1388 408 1458 ἀνθ’
433 1381 480 1459 ὧν
502 1413 556 1459 σοι
577 1395 634 1460 καὶ
655 1386 764 1459 πολλά
785 1386 930 1479 προνήϊα
951 1393 1008 1457 καὶ
1028 1383 1122 1478 παρά
1142 1390 1244 1476 βωμῷ

342 1505 350 1534 “
371 1496 581 1592 παρθενικὴν
601 1500 721 1582 ἐτίναξ
747 1504 836 1568 ἐνθα
856 1505 913 1570 καὶ
935 1503 1023 1570 ένθα
1044 1498 1159 1588 κόμην.

786 1635 875 1701 VIII.

322 1748 370 1813 Αί
391 1741 609 1833 Λυκομήδεος
629 1748 761 1826 παῖδες,
780 1741 918 1827 Ἀθηνώ
943 1748 1000 1813 καὶ
1022 1747 1183 1812 Μελίτεια

371 1861 427 1925 καὶ
453 1851 563 1928 Φιντιδ
585 1859 708 1939 Γληνίς
729 1855 776 1939 θ’,
804 1861 839 1924 αἱ
862 1852 1126 1950 φιλοεργόταται,

328 1973 431 2058 ἐργων
452 1975 488 2036 ἐκ
510 1964 649 2047 δεκάτας
669 1966 857 2056 ποτιθάμωι
878 1965 938 2036 τόν
959 1993 994 2036 τε
1015 1965 1201 2059 πρόσεργον

372 2075 551 2171 άτρακτον,
572 2083 630 2148 καὶ
651 2075 715 2147 τάν
738 2075 837 2170 άτρια
860 2085 1059 2172 κρινομένων

328 2194 460 2280 κερκίδα
481 2187 545 2259 τάν
566 2195 667 2260 ίστῶν
687 2190 891 2280 μολπάτιδα,
913 2195 970 2260 καὶ
990 2186 1033 2259 τά
1055 2198 1195 2281 τροχαῖα

339 2299 341 2306 λ
371 2306 478 2371 πανία
498 2299 706 2394 *κερταστάς
727 2301 844 2372 τούσδε
866 2299 1133 2393 *ποτιρρόγεας

328 2419 385 2483 καὶ
407 2412 548 2493 σπάθας
570 2417 757 2505 ἐμβριθεῖς,
779 2412 1038 2505 *πολοάργορω
1063 2410 1162 2482 τάσδε
1184 2419 1334 2506 πενιχροί

372 2526 407 2608 ἐξ
428 2525 548 2613 ὀλίγων
571 2525 688 2616 ὀλίγαν
709 2539 832 2617 μοῖραν
854 2524 1090 2616 άπαρχόμεθα.

328 2641 394 2706 τῶν
412 2643 512 2726 χέρας
533 2642 604 2706 αίέν
622 2636 762 2706 Ἀθάνα
783 2636 980 2720 ἐπιπλήσαιο
1002 2641 1063 2725 μὲν
1084 2637 1169 2718 ίσως,

372 2753 471 2832 θείης
493 2749 522 2817 δ’
550 2748 720 2829 εὐσιπάους
742 2750 777 2833 ἐξ
799 2746 1028 2837 ὀλιγησιπύων.
1123 2815 1131 2824 ,

802 2886 856 2949 ΙΧ.
973 2892 980 2911 “

329 2990 513 3080 Αὐτονόμα
537 2997 697 3060 Μελίτεια
719 2995 894 3076 Βοίσκιον,
917 2999 953 3061 αἱ
979 2991 1169 3078 Ψιλολρίδεω

372 3108 428 3172 καὶ
451 3098 575 3184 Νικοῦς
596 3107 754 3195 Κρῆσσαι
777 3116 863 3194 τρεῖς
884 3106 953 3188 ξένε
977 3108 1167 3192 θυγατέρες,

329 3217 353 3284 ά
374 3221 435 3304 μὲν
457 3211 516 3283 τὸν
531 3213 713 3312 μιτόεργον
734 3215 921 3299 άειδίνητον
943 3212 1115 3305 άτρακτον,

373 3327 397 3394 ά
419 3330 453 3395 δέ
475 3322 535 3394 τὸν
558 3326 722 3420 ὀρφνίταν
744 3324 918 3416 είροκάμον
940 3326 1094 3417 τάλαρον,

329 3441 352 3507 ἁ
375 3440 404 3508 δ’
433 3437 505 3526 άμα
527 3434 591 3506 τάν
612 3441 743 3506 πέπλων
766 3439 917 3530 εὐάτριον
938 3436 1085 3528 ἐργάτιν,
1108 3441 1207 3504 ἱστῶν

372 3555 519 3642 κερκίδα,
541 3545 604 3618 τάν
626 3554 744 3638 λεχέων
766 3548 970 3630 Πανελόπας
993 3547 1135 3642 φύλακα,

399 3728 456 3786 VII.
476 3726 533 3784 Pal.
545 3724 592 3796 VI,
603 3730 663 3784 281.
683 3726 756 3783 Vs.l
773 3736 923 3802 πειρικαίεος
941 3726 989 3785 Vs.
1000 3730 1017 3782 4
1030 3725 1091 3783 fort.
1104 3724 1237 3800 άδρίιικιις,
1256 3722 1303 3779 VS·
1316 3728 1333 3778 5

329 3815 390 3872 sort.
410 3817 479 3872 κατά
499 3815 582 3871 πολλά
602 3848 633 3859 -
659 3813 729 3870 VIII.
752 3813 808 3870 Pal.
821 3812 872 3882 VI,
889 3818 952 3872 288.
976 3812 1052 3870 Vs.l
1072 3810 1231 3884 Λυκομήδης
1256 3808 1332 3866 Va?

329 3906 379 3966 τολς
397 3907 424 3958 δὲ
442 3900 491 3958 VS.
504 3903 522 3957 9
537 3910 616 3977 χέρας
634 3908 687 3958 αἰεὶ
705 3910 733 3956 eI
750 3898 892 3969 ἐνιπλίμαις
909 3908 956 3973 μὲν
975 3899 1080 3956 ὀπίσσω.
1109 3897 1183 3954 Fort.
1202 3897 1261 3962 τῶν,
1271 3919 1334 3970 χερ-
1367 3909 1375 3924 ’

328 3987 400 4062 νῇτες
414 3985 535 4054 Ἀθάνα,
557 3989 703 4060 ἐνεπλήσατο
727 3995 773 4061 μὲν
793 3988 877 4049 ἱστώς,
896 4015 930 4026 -
954 3985 1000 4044 ίΧ.
1023 3983 1078 4042 Pal.
1096 3982 1227 4052 V1‚289.
1251 3979 1331 4038 Vs.l

329 4076 479 4149 Φιλομὴδεω
