3016 4808
353 465 408 507 vm
725 447 979 506 PRAEFATIO.

450 603 577 693 Quam
601 597 832 673 adnotationi
856 598 1000 675 criticae
1022 600 1205 676 subiicere
1228 601 1352 677 visum

353 733 409 798 est
441 720 773 796 coniectaneorum
803 704 1045 817 farraginem,
1076 745 1161 796 eam
1186 721 1260 796 hoc
1284 746 1351 822 pe

352 842 540 920 tissimum
571 840 725 916 consilio
751 838 917 915 additam
944 840 1051 928 scito,
1081 854 1278 918 utineam
1302 842 1351 918 de

352 961 621 1040 difficilioribus
646 959 873 1061 quibusdam
897 959 987 1036 locis
1005 963 1230 1039 sententiam
1246 962 1351 1039 intel-

351 1084 548 1184 ligentium
578 1084 750 1158 virorum
781 1081 918 1157 iudicio
951 1083 1237 1160 examinandam
1264 1089 1351 1160 sun

351 1207 519 1295 iicerem,
552 1217 589 1282 et
618 1205 649 1279 si
680 1202 773 1303 quid
804 1203 862 1278 alii
892 1204 1092 1304 propositis
1122 1206 1258 1280 rectius
1282 1231 1350 1282 no·

351 1329 499 1415 vissem,
523 1325 562 1401 id
587 1351 632 1402 ex
655 1324 698 1400 iis
723 1324 908 1400 elicerem.
946 1325 1048 1401 Alius
1064 1325 1168 1401 enim
1185 1325 1255 1401 alio
1273 1351 1351 1402 cer·
1457 1316 1459 1370 Ὺ

351 1451 408 1524 nit
432 1449 589 1535 acutius;
614 1471 685 1522 nec
709 1443 795 1520 fieri
818 1456 952 1545 potest,
977 1445 1070 1544 quin
1088 1471 1186 1545 quae
1200 1447 1267 1522 tibi
1281 1447 1350 1547 ipsi

351 1595 440 1646 vera
470 1580 508 1646 et
538 1579 638 1643 certa
667 1564 879 1654 videantur,
911 1590 955 1642 ea
984 1590 1095 1668 saepe
1126 1567 1215 1644 alius
1243 1568 1348 1643 nullo

352 1701 557 1790 occupatus
582 1686 809 1788 praeiudicio
833 1682 922 1762 falsa
943 1686 1003 1762 vel
1026 1687 1166 1764 incerta
1191 1713 1272 1766 esse
1296 1691 1350 1764 in-

351 1811 496 1909 telligat.
539 1812 722 1887 Ceterum
745 1808 846 1883 istius
863 1807 971 1883 modi
987 1810 1265 1886 observationes
1283 1811 1349 1885 cri-

350 1935 438 2008 ticas
462 1931 691 2032 plerumque
715 1953 797 2004 non
820 1929 900 2004 sine
919 1925 1066 2007 fastidio
1085 1930 1254 2030 quodam
1278 1930 1350 2030 legi
1459 1971 1460 1998 r

350 2079 441 2131 meo
472 2053 552 2153 ipse
582 2049 755 2150 exemplo
782 2061 1024 2149 compertum
1053 2051 1192 2140 habeo;
1225 2051 1351 2151 itaque

350 2187 394 2252 ut
425 2173 595 2251 taedium
624 2170 772 2249 lectoris
804 2182 991 2270 quantum
1020 2172 1061 2247 in
1091 2198 1157 2249 me
1180 2185 1277 2249 esset
1300 2172 1350 2249 le·
1458 2234 1460 2247 ,

351 2297 492 2383 nirem,
529 2293 798 2395 epigrammata
834 2292 907 2380 illa,
946 2318 1115 2393 quorum
1144 2294 1248 2369 locos
1278 2298 1348 2369 sub

352 2441 510 2494 examen
534 2415 671 2503 vocavi,
694 2415 838 2511 integra
861 2409 943 2489 fere
968 2427 1005 2491 et
1022 2426 1100 2490 tota
1124 2414 1349 2515 apponenda
1462 2449 1464 2512 j

300 2563 302 2568 ’
353 2537 451 2614 duxi.
510 2539 567 2612 Ita
603 2535 670 2634 qui
700 2535 821 2609 critica
856 2533 1010 2609 dumeta
1045 2534 1348 2635 perhorrescunt,
1462 2519 1464 2596 Ϊ

351 2658 705 2735 venustissimorum
737 2654 949 2730 carminum
977 2657 1154 2733 suavitate
1178 2658 1348 2733 animum

352 2779 538 2857 oblectare
562 2789 753 2879 potenmt.

395 2917 578 2986 Scribebam
599 2914 745 2984 Berolini
768 2915 826 2981 cal.
847 2915 944 2982 Juliis
966 2938 992 2980 a.
1017 2914 1275 2984 MDCCCXLII.

1461 2398 1464 2444 i
