3028 4826
338 473 391 530 166
603 466 865 530 annonario
888 465 1077 528 cumen

227 599 229 603 ,
337 622 434 703 bitur,
457 639 524 686 non
541 615 795 708 Ποθανόραιος,
818 630 851 687 et
869 615 1132 707 Ἀναξαγόρειος,
1154 601 1223 685 nou
1242 616 1344 686 Ἀνα-

339 727 525 821 ξαγόραιος.

426 845 492 911 XL.
529 844 625 909 vet
649 845 720 908 et3
741 845 853 930 scripsi
868 837 1009 927 Μόσχος
1021 862 1082 927 pro
1104 835 1238 928 μόσχος.
1272 841 1341 909 Cir.

340 979 436 1044 supra
457 980 488 1043 p.
514 958 587 1020 105.
623 956 717 1021 vsa
739 955 910 1020 Jacobsius
932 948 1110 1038 πανδήμου
1131 975 1193 1040 pro
1215 949 1343 1036 πάνδη-

339 1092 411 1154 μοι,
437 1065 524 1155 quod
545 1066 673 1132 videtur
693 1069 815 1131 servari
837 1086 944 1154 posse.
988 1065 1031 1130 V.
1054 1062 1197 1129 Lobeck.
1220 1065 1262 1156 ad
1284 1066 1343 1132 So

340 1178 464 1268 phoclis
488 1180 573 1244 Aiac.
598 1181 628 1245 7.
672 1179 730 1244 Vs.
754 1180 775 1243 5
804 1175 1007 1244 Chardonins
1029 1174 1200 1262 supplebat
1220 1178 1286 1243 nori
1307 1177 1344 1244 δὲ
1415 1191 1417 1196 “

340 1285 522 1380 κασαὺριας
543 1291 609 1356 ποῦ
630 1290 664 1355 δὲ
686 1283 873 1381 ονφόρβιας
899 1287 944 1352 At
965 1285 1130 1374 lupanaria
1152 1289 1213 1352 iam
1228 1301 1343 1374 quarto

291 1465 295 1479 ,
316 1379 320 1392 ’
343 1424 437 1468 versu
458 1403 724 1468 commemoravit.

741 1560 942 1568 —-.--—-—-—

716 1694 966 1774 nummum

429 1847 468 1912 11.
506 1846 624 1914 Mirum
644 1845 790 1933 proiecto
814 1847 941 1910 criticos
963 1847 1048 1910 serio
1063 1843 1126 1910 sibi
1147 1847 1344 1931 persuasisse

342 1957 429 2024 illam
452 1957 571 2024 Gratiis
598 1957 744 2023 dilectam
774 1955 942 2036 aviculam,
971 1959 1060 2022 cuius
1087 1966 1222 2022 mortem
1243 1967 1343 2045 poeta

241 2058 244 2064 '
342 2069 447 2160 luget,
469 2069 567 2135 inisse
588 2072 728 2160 gaviam,
755 2072 775 2136 i.
799 2089 825 2134 e.
848 2091 939 2134 avem
959 2089 1107 2150 voracem
1130 2078 1162 2134 et
1183 2091 1341 2156 spurcam;

343 2202 405 2253 nco
425 2185 528 2248 minus
549 2184 660 2248 mirum
683 2190 732 2247 est
755 2201 812 2247 eos
829 2182 994 2245 metricum
1015 2177 1147 2246 latuisse
1161 2183 1281 2261 vitium,
1303 2183 1344 2246 si-

343 2293 471 2381 quidem
498 2289 601 2380 λάρος
630 2301 814 2359 constanter
841 2294 973 2378 primam
1001 2293 1141 2379 corripit.
1192 2294 1246 2358 De
1274 2294 1344 2358 Ari-

340 2407 447 2495 stoph.
476 2406 535 2470 Av.
557 2407 620 2471 567
650 2404 715 2470 dixi
736 2405 863 2492 Fragm.
886 2401 1009 2469 Comio
1034 2424 1139 2491 graec.
1160 2404 1204 2484 H,
1233 2427 1265 2490 p.
1290 2405 1343 2470 78.

343 2517 454 2606 ltaque
474 2539 543 2583 non
565 2514 695 2581 dubium
718 2525 768 2580 est
788 2517 865 2602 quin
887 2523 1038 2603 corrupta
1059 2517 1124 2580 siut
1144 2514 1245 2580 verba
1267 2516 1343 2607 φίλε

343 2623 437 2717 λάρε,
463 2649 525 2717 pro
553 2626 668 2714 quibus
689 2625 779 2692 Plau.
807 2625 904 2691 habet
931 2625 1089 2717 φιλέλαιε.
1137 2626 1210 2691 Nec
1234 2628 1268 2691 in
1291 2647 1344 2691 co-

344 2737 428 2819 dice,
457 2761 495 2803 ex
523 2759 588 2825 quo
609 2738 677 2803 Pal.
699 2738 812 2804 ductus
841 2747 903 2818 est,
931 2757 1050 2802 nomen
1071 2735 1153 2802 illud
1174 2739 1343 2825 perspicue

343 2852 493 2936 scriptum
520 2850 617 2916 fuisse
645 2848 743 2915 docet
768 2848 881 2914 lemma
908 2851 1038 2914 carmini
1058 2849 1246 2936 praefixum:
1280 2845 1344 2917 Τύ-
1440 2879 1444 2892 ·

342 2981 428 3046 μνεω
451 2966 495 3038 εἰς
517 2953 609 3049 ὄρνιν
630 2955 869 3046 ἀδιάγνωστον,
898 2956 992 3045 οἶμαι
1017 2961 1051 3026 δὲ
1073 2955 1186 3046 λάρον.
1231 2959 1344 3027 Mede-

342 3071 405 3137 lam
426 3071 564 3138 fortasse
584 3069 736 3138 historiae
756 3071 908 3138 naturalis
929 3074 1025 3159 periti
1047 3071 1196 3150 afferent3
1218 3075 1343 3138 interim

343 3184 481 3250 coniicio
508 3180 578 3274 φίλ’
610 3184 706 3251 ticet.
757 3182 937 3249 Alexander
958 3182 1114 3270 Myndius
1140 3184 1226 3271 apud
1248 3185 1344 3250 Athe-

342 3309 456 3361 naeum
477 3295 516 3375 IL
538 3319 569 3382 p.
591 3296 635 3360 65
657 3294 685 3360 b.
708 3289 824 3383 ἅτερος
845 3297 910 3361 τῶν
932 3295 1121 3380 αἰγιθαλῶν
1141 3291 1199 3387 ὑφ’
1217 3286 1262 3363 ὧν
1282 3298 1343 3383 μὲν

312 3487 315 3496 γ
343 3399 452 3486 etatae
478 3408 640 3486 καλεῖται,
667 3399 731 3472 ὑπὸ
759 3406 794 3472 δέ
822 3428 920 3472 τινων
940 3407 1066 3495 ιιιρίας,
1094 3406 1150 3472 ubi
1173 3406 1267 3474 codd.
1289 3408 1343 3472 ha-

343 3518 422 3582 bent
441 3519 561 3584 ἔλαιον.
604 3511 947 3605 Ηεε]ολιίιιε,,”Ελανος
968 3519 1055 3600 (sic):
1070 3521 1206 3612 ἴκτινος.
1245 3518 1342 3598 Idem,

340 3626 464 3707 Ἐλέαςε
500 3627 615 3715 ὀρνέου
643 3626 738 3706 εἶδος.
788 3629 889 3716 Quod
921 3649 1041 3695 nomen
1072 3629 1166 3706 ἐλεοῖς
1194 3630 1344 3696 scribitur

343 3740 428 3829 apud
450 3742 611 3829 Aristoph.
626 3743 686 3807 Av.
708 3743 783 3820 303,
804 3741 860 3807 ubi
882 3741 981 3806 schol.
1005 3737 1024 3806 ὁ
1047 3740 1082 3806 δὲ
1104 3742 1196 3818 ἐλεᾶς
1216 3736 1342 3827 μήποτε

343 3856 449 3931 ἑλείας
470 3855 560 3925 ἐστὶν
581 3858 616 3920 ἐν
633 3860 704 3930 τοῖς
716 3848 935 3939 Καλλιμάχου
949 3847 1234 3942 ἀναγραφόμενος.
1259 3855 1343 3942 φησὶ

342 3959 406 4051 γὰρ
429 3965 551 4044 „etum
572 3960 704 4055 μικρόν,
725 3966 820 4056 φωνῇ
841 3960 1012 4048 ἀγαθόν.“

428 4078 486 4143 lv.
520 4079 664 4144 Tertium
687 4076 845 4142 distichon
868 4081 901 4141 in
915 4075 981 4141 Pal.
1003 4078 1152 4141 omissum
1167 4083 1343 4162 praeeunte

1492 902 1502 950 t

1497 2237 1505 2282 t
