3016 4808
342 471 379 526 52
600 467 790 521 Annum
814 468 1090 519 nummos

344 618 466 701 διῆλθε
487 613 567 700 κήπὶ
586 612 690 685 νύκτα
711 617 768 684 καὶ
788 613 863 684 ποτ’
890 612 950 681 σἰὤ.

343 721 368 814 ἦ
389 730 434 822 ῥά
455 751 508 798 νιν
529 730 566 796 al
580 727 720 795 Μοῦσαι
739 729 796 795 καὶ
819 723 838 793 ὁ
861 721 983 804 Δάλιος
1004 718 1151 811 ἡγάπευν
1169 717 1352 803 Ἀπόλλων,

345 840 389 921 ὡς
409 835 552 930 έμμελής
574 836 604 906 τ’
630 840 741 925 έγεντο
767 835 952 919 κήπιδέξιος
1165 845 1168 852 “

345 947 425 1021 έτιεά
445 975 481 1020 τε
501 958 610 1019 ποιεῖν
629 944 715 1041 πρὸς
735 945 839 1039 λύραν
859 945 891 1014 τ’
915 944 1047 1014 ἀείδειν.

798 1093 902 1162 CVII.

341 1204 524 1296 Ὠιγινόμοι
545 1201 678 1275 Σάσων
698 1207 755 1274 καὶ
775 1205 948 1292 Σέμαλος,
970 1208 1004 1272 οἱ
1024 1198 1206 1290 πολύαιγοι,

391 1315 448 1387 οἶα
469 1319 702 1406 βαθυσχίνων,
724 1307 748 1384 ἆ
770 1316 854 1399 ξένε,
875 1309 944 1404 πάρ
966 1313 1148 1395 ’ὀλιιέὸαν,“
1282 1322 1285 1326 ’

344 1430 451 1521 Ἑρμᾷ
472 1432 643 1519 τυρευτῆρι
662 1431 719 1496 καλ
741 1423 874 1515 εὕγλαγι
893 1421 954 1494 τὸν
971 1420 1182 1515 χιμάραρχον

388 1536 531 1628 χάλκεον
552 1536 709 1626 εὐπάγιιιέ
735 1531 792 1606 ὧδ’
819 1537 981 1606 ἀνέθεντο
1003 1533 1136 1628 τράγον.

794 1683 913 1752 CVIII.

349 1793 493 1887 Νύμφαι
514 1793 722 1889 ἐφυὸριάὸες,
744 1792 857 1886 Δώρου
878 1799 987 1882 γένος,
1009 1790 1177 1886 άρδεάοιτε

393 1909 513 1976 τοῦτον
540 1910 738 1996 Τιμοκλέους
758 1908 867 1973 κᾶπον
888 1903 1120 1996 ἐπεσσύμενοι·

349 2022 406 2087 καὶ
427 2013 491 2108 γάρ
520 2022 699 2107 Τιμοκλέης
718 2012 836 2106 ὔμμιν,
856 2014 968 2104 κόραι,
991 2021 1061 2085 αὶὲν
1083 2014 1102 2084 ὁ
1124 2012 1246 2094 καπεύς

394 2127 508 2198 κάπων
529 2136 565 2198 ἐκ
585 2127 710 2198 τούτων
732 2125 815 2220 ὥρια
837 2130 1029 2222 δορυφορεῖ.

753 2307 953 2330 -Φ-

695 2496 731 2562 Ν
763 2498 780 2564 1
812 2497 840 2563 K
869 2496 886 2562 1
917 2494 952 2561 Ο
983 2494 1015 2560 Τ

748 2613 959 2663 ΜιΛΗΣιογ

774 2754 924 2764 ...α-...-

354 2995 491 3078 Μαινάς
507 2997 681 3068 Ἐνυαλίου
701 2997 906 3090 πολεμαδόκε
927 3002 1033 3092 θοῦρι
1053 2996 1197 3090 κράνεια,

396 3114 448 3191 τίς
468 3108 509 3179 νά
530 3132 567 3178 σε
588 3113 677 3194 θῆκε
697 3115 771 3200 θεᾷ
792 3115 899 3204 ὃῶρον
920 3108 1137 3203 ἐγερσιμάχρι;

355 3219 503 3306 Μήνιος·
524 3213 549 3305 ἦ
569 3218 634 3313 γάρ
656 3226 717 3292 τοῦ
736 3220 894 3313 παλάμας
915 3217 983 3292 άπο
1005 3226 1117 3318 ῥίμφα
1137 3221 1295 3314 θοροῦσα

399 3340 435 3402 ἐν
455 3329 640 3425 προμάχοις
660 3332 796 3426 έδράσας
818 3331 914 3419 δήϊον
935 3333 1107 3424 σἰμπεδέον.

748 3501 752 3521 ⁶
834 3484 875 3550 11.

356 3593 494 3660 Μέλλον
513 3585 583 3680 άρα
603 3588 763 3683 στυγερὰν
783 3589 873 3681 κάγά
894 3617 974 3661 ποτε
996 3593 1093 3681 δῆριν
1107 3585 1232 3680 ’Ἄρηος

399 3703 644 3791 έκπρολιποῦσα
660 3706 772 3795 χορῶν
791 3707 986 3795 παρθενίων
1007 3702 1091 3772 άέειν

426 3912 508 3973 CVII.
529 3913 585 3972 Pal.
597 3913 646 3984 IX,
665 3916 726 3972 744.
746 3914 794 3973 Vs.
809 3918 825 3970 l
840 3915 979 3989 Ὢγινόμσι
996 3913 1093 3972 Σάτνν
1110 3912 1190 3971 Vm
1207 3909 1227 3970 ὦ
1245 3918 1307 3978 ξένε,
1326 3943 1360 3956 ·-

355 3998 527 4145 ΞἭίΙῖρΙΙ.
543 4000 596 4146 gi
613 4004 675 4060 329.
694 4030 728 4044 -
745 4000 766 4058 Ι.
784 4000 840 4060 Pal.
853 4000 904 4070 VI,
924 4005 983 4058 122.
1004 3999 1307 4076 V⁸.4fort.’0391'›aoec
1324 4027 1361 4040 ··

1486 3573 1501 3620 I
