3028 4826
349 466 459 522 rsa.
593 485 594 488 κ
690 438 1010 523 commeream.

347 567 556 706 ἈφροδίτηςΙ
569 607 671 700 ἄλγος
692 611 711 680 ὁ
734 582 781 700 μδ
802 616 922 701 κρίνων
947 607 1195 705 κῶμονύχοντι
1215 608 1355 690 Πόθος.

350 725 417 791 Sed
437 734 592 812 praestat,
615 728 748 812 opinor,
771 724 858 812 quod
879 728 987 812 prime
1006 725 1081 791 loco
1100 727 1271 812 proposui.

752 885 950 897 *-

645 1033 855 1086 rosmrrrus·
867 1007 975 1101 carr,
992 1030 1055 1084 213.

395 1141 544 1227 Πυθιάς,
567 1151 595 1213 ελ
609 1148 670 1233 μὲν
684 1148 764 1233 ἔχεις
778 1143 848 1226 τιν’,
869 1142 1063 1234 ἀπέρχομαι,
1086 1150 1113 1210 εἰ
1130 1147 1164 1212 δὲ
1179 1139 1356 1221 καθεύδεις

331 1306 332 1310 ,
439 1248 500 1324 ῶδε
522 1253 624 1343 μόνη,
645 1253 763 1347 μικρὸν
783 1251 866 1345 πρὸς
887 1251 965 1334 Διὸς
986 1252 1164 1323 ἑκκύλεσαι.
1270 1253 1273 1259 ’

395 1372 461 1436 εἰπὲ
483 1370 518 1434 δὲ
541 1376 690 1453 σημεῖον,
712 1363 850 1455 μεθύων
873 1363 925 1433 ὅτι
946 1371 1008 1442 καὶΔ
1023 1369 1215 1458 διακλωπῶν

337 1483 340 1491 ’
438 1469 561 1562 ἦλθεν,
584 1462 847 1567 Ἔρωτιθρασεῖ
864 1474 1031 1568 χρώμενος
1052 1471 1197 1565 ’ἡγεμόνι
1301 1519 1302 1522 =

246 1685 247 1688 ,
349 1618 453 1682 Recte
466 1612 637 1681 Jacobsius
652 1607 794 1691 Πνθιύς
808 1594 941 1678 arethe
956 1636 1074 1679 nomen
1090 1624 1122 1679 et
1135 1637 1232 1679 versu
1247 1616 1353 1700 primo
1425 1687 1427 1694 s

351 1729 414 1813 ἔχει
436 1737 469 1791 et
489 1718 646 1790 καθεύδει
665 1723 866 1791 scribendum
882 1748 951 1798 esse
965 1725 1061 1803 vidit;
1084 1725 1142 1791 sed
1157 1728 1354 1804 ἐκκαλέσαις,

351 1838 439 1924 quod
461 1836 546 1902 idem
567 1838 650 1901 vs2
672 1839 814 1921 reponit,
843 1838 919 1901 mihi
941 1836 1068 1924 quidem
1091 1858 1159 1902 non
1181 1840 1286 1925 aptius
1307 1840 1355 1902 vi-

352 1950 446 2015 detur
474 1971 567 2035 quam
595 1947 683 2033 quod
710 1947 810 2036 vulgo
839 1946 957 2037 legitur
984 1943 1164 2015 ἑκκύλεσαι.
1216 1950 1299 2013 Nam
1327 1952 1354 2013 si
1464 1945 1467 1954 ’

351 2060 422 2126 sola
444 2060 540 2126 cubat
561 2061 723 2138 meretrix,
746 2059 858 2145 quidni
879 2065 983 2125 statim
1005 2063 1075 2147 ipse
1097 2062 1193 2124 intrat
1215 2064 1354 2125 amator?

334 2175 430 2238 ‘Eam
452 2172 495 2236 ob
512 2193 637 2237 causam
652 2180 738 2236 recte
752 2171 948 2237 Brunckium
964 2174 1127 2258 scripsisse
1143 2170 1241 2236 credo
1256 2166 1354 2236 ἐσκά-

350 2285 462 2363 λεσον,
484 2286 547 2348 nisi
569 2283 657 2369 quod
678 2282 783 2348 malim
805 2285 1004 2360 ἑσκαλέσαις.
1045 2284 1139 2348 Vsss
1162 2283 1354 2347 διακλωπῶν

337 2395 392 2460 ἐδ
420 2397 608 2486 sententiam
636 2399 778 2480 ineptum
808 2404 841 2460 et
874 2395 915 2459 ad
942 2397 1176 2484 grammaticam
1203 2396 1353 2459 vitiosum

352 2514 414 2583 est;
444 2495 582 2571 debebat
611 2510 703 2572 enim*
717 2527 788 2571 esse
808 2501 1089 2600 διακλωπῶμενος.
1141 2505 1353 2571 scribendum

351 2623 420 2684 sine
450 2607 552 2683 dabie
579 2618 750 2704 quodiam
771 2617 936 2684 Reiskium
962 2619 1137 2681 coniecisse
1158 2617 1269 2697 video,
1299 2611 1355 2682 διδ

350 2730 494 2811 κλωπῶν,
517 2740 552 2795 ut
572 2729 697 2794 medios
719 2750 778 2816 per
800 2729 888 2794 fures
911 2737 944 2793 et
964 2739 1141 2793 nocturnos
1156 2737 1354 2818 grassatores

351 2864 386 2907 se
415 2846 476 2907 iter
504 2841 545 2907 ad
567 2844 697 2906 amicam
718 2841 833 2906 fecisse
857 2839 948 2904 dicat.
992 2840 1141 2926 Denique
1166 2862 1213 2905 vs.
1235 2844 1256 2906 4
1284 2862 1354 2906 non

351 2963 439 3019 recte
460 2933 631 3018 Jacobsius
655 2962 764 3017 tuetur
784 2941 908 3031 ἦλθεν,
931 2951 1018 3039 quod
1040 2960 1107 3016 tum
1130 2951 1254 3017 demum
1275 2952 1355 3018 ferri

352 3074 471 3152 posset,
495 3068 522 3129 si
544 3067 694 3129 amatoris
710 3069 829 3128 nomen
850 3062 1006 3128 adiectum
1025 3072 1116 3128 esset.
1155 3063 1254 3150 Quod
1270 3067 1353 3129 enim

191 3152 192 3155 Ἴ
313 3244 316 3249 ,
351 3179 401 3240 vir
423 3176 622 3242 doctissimus
646 3176 687 3241 ad
709 3174 889 3262 Asclepiad.
914 3178 1016 3263 epigr.
1034 3176 1150 3255 XXVI,
1175 3177 1214 3241 ll
1237 3197 1355 3262 provo-

352 3300 416 3352 cat:
445 3289 514 3352 εὶπὲ
540 3288 574 3352 δὲ
597 3285 746 3373 σημεῖον,
774 3287 907 3372 βακχῶν
929 3281 982 3352 ὅτι
1006 3282 1095 3352 πέντ’
1122 3287 1289 3377 ἐφίλησεν,
1319 3290 1354 3351 in

353 3420 392 3464 eo
413 3393 557 3484 Βάκχων
580 3399 781 3465 scribendum
805 3420 874 3464 esse
897 3419 993 3486 supra
1016 3396 1121 3463 docui.
1154 3398 1264 3484 Itaque
1287 3420 1355 3462 cer-

352 3513 505 3575 tissimum
534 3519 582 3575 est
604 3510 806 3576 scribendum
829 3532 898 3575 esse
920 3499 1042 3590 ἦλθον.
1093 3508 1148 3574 Sic
1171 3511 1270 3598 igitur
1289 3509 1355 3574 hoc

352 3643 478 3686 carmen
499 3620 720 3709 refingendum
741 3622 883 3688 videtur:

394 3727 544 3812 Πυθιάς,
567 3737 594 3798 ελ
615 3735 675 3818 μὲν
697 3735 759 3820 ἔχει
779 3731 854 3813 τιν’,
878 3730 1070 3820 ἀπέρχομαι,
1092 3735 1119 3796 ελ
1134 3731 1168 3797 δὲ
1182 3725 1340 3797 καθεύδει

439 3835 500 3909 ὧδε
521 3840 625 3930 μόνη,
645 3839 762 3933 μικρὸν
783 3839 866 3933 πρὸς
888 3839 971 3921 Διὸς
986 3842 1191 3919 ὲσκαλέσαις·

396 3957 461 4022 cirri
484 3956 519 4035 δὲ
541 3964 691 4042 σημεῖον,
713 3953 851 4043 μεθύων
873 3952 925 4023 ὅτι
946 3957 1003 4020 καὶ
1024 3947 1079 4019 διδ
1101 3955 1237 4020 κλωπῶν

438 4057 550 4148 ἦλθον
564 4063 683 4162 Ἔρωτι
704 4070 830 4160 θρασεῖ
846 4063 1014 4156 χρώμενος
1033 4061 1181 4178 ἡγεμόνι.
