3026 4816
347 406 398 513 ¹98
630 450 890 510 ADNO'IATIO
914 449 1099 509 CRITICA.

360 600 510 695 ποιφύξω
533 603 724 670 Brunckius.
761 603 829 668 Pal.
852 599 1055 694 ποιφύσσων.
1092 602 1211 670 Suidae
1234 604 1305 671 cod.
1328 605 1367 671 A.

267 753 272 768 .
360 719 543 808 πσιφνσσῶ,
566 714 654 802 quod
676 737 747 781 esse
768 715 897 781 videtur
917 711 1078 804 αοιφυξῶ,
1099 725 1137 781 ut
1159 715 1260 782 edidit
1276 719 1369 783 Reis-

360 827 443 894 kius.
494 827 561 894 Sed
588 829 692 893 minus
720 838 808 893 recte
836 826 922 892 idem
950 826 1068 913 probet
1089 827 1206 893 Suidae
1232 828 1369 914 explica-

360 942 481 1006 tionem
509 938 664 1030 σφοδρῶς
691 939 747 1003 καὶ
774 932 861 1026 μετὰ
887 931 970 1024 ἤχου
994 931 1056 1018 τὴν
1077 933 1184 1020 πνοὴν
1206 943 1367 1026 tantone.

360 1052 434 1118 Hoc
459 1054 567 1140 potius
598 1050 706 1116 dicere
734 1049 876 1116 videtur:
905 1070 974 1115 non
1003 1049 1136 1137 amplius
1166 1055 1247 1117 circa
1275 1055 1368 1118 navis

362 1184 435 1229 oras
462 1165 562 1244 (haec
591 1165 674 1227 enim
704 1171 778 1227 sunt
795 1162 904 1247 χείλη,
933 1171 968 1226 ut
989 1160 1076 1249 apud
1097 1162 1230 1228 Hesiod.
1253 1164 1366 1252 fragm.

359 1277 426 1342 235
455 1284 487 1339 et
509 1272 651 1361 Eupolin
673 1274 739 1338 Inc.
761 1272 825 1337 fab.
848 1274 912 1353 32)
942 1295 1012 1338 cum
1033 1275 1170 1359 strepitu
1197 1273 1260 1340 huc
1289 1275 1369 1340 illuc

359 1386 512 1476 vagabor.
549 1387 622 1472 Ipse
645 1384 760 1450 Suidas
784 1405 822 1448 ex
844 1382 909 1449 alio
933 1393 1031 1470 poeta
1053 1385 1156 1463 affert,
1178 1381 1367 1477 Ποιφύξαιε

360 1503 486 1583 φυγεῖν.
532 1496 600 1563 Cir.
630 1495 671 1560 ad
693 1495 836 1581 Euphor.
866 1495 978 1584 fragm.
1001 1499 1054 1562 95.
1100 1497 1197 1584 Ysti
1226 1493 1369 1583 ῥαδινάν
1457 1569 1458 1572 ¹

361 1611 534 1674 certissime
563 1617 746 1694 corruptum
781 1617 838 1671 est.
894 1607 1104 1674 scribendum
1132 1606 1258 1673 videtur
1285 1631 1369 1697 κρα-

359 1715 461 1798 vado,
488 1741 682 1800 saxosam,
705 1739 920 1804 scrupeam.

448 1832 532 1896 XIII.
577 1833 690 1897 Priora
717 1832 752 1895 in
779 1828 847 1894 Pal.
876 1833 920 1894 ita
948 1829 1114 1920 leguntur:
1142 1826 1212 1915 ἥβα
1239 1838 1301 1918 μὲν
1330 1851 1368 1897 σε

317 1939 319 1944 ’
360 1936 505 2032 πρόαρχε
527 1941 757 2008 decandidato
782 1935 988 2029 dissuasoria
1010 1943 1131 2031 φείδια.
1175 1943 1253 2007 Non
1276 1940 1368 2008 dubi·
1496 1959 1497 1962 ’

360 2056 421 2119 tari
442 2063 551 2141 potest
573 2057 649 2140 quin
671 2074 816 2142 magnam
831 2055 900 2116 veri
922 2064 1044 2139 partem
1065 2053 1182 2119 viderit
1194 2053 1367 2120 Jacobsius

360 2168 529 2254 ingeniose
552 2169 729 2255 corrigens:
759 2155 782 2245 ἦ
805 2165 850 2251 ῥα
870 2167 969 2249 μένος
990 2185 1027 2230 σε
1049 2160 1197 2253 Πρόαργί
1224 2159 1305 2232 ὅλεσ
1332 2171 1369 2231 ἐν

361 2277 425 2356 δαῒ,
448 2273 544 2363 δῶμα
557 2299 591 2342 τε
605 2270 733 2363 ματρὸς
753 2275 913 2362 Φαίδρας.
948 2275 1014 2342 Sed
1038 2300 1132 2365 quum
1147 2278 1181 2342 in
1203 2277 1275 2344 cod.
1291 2281 1368 2342 scri-

360 2396 453 2475 ptura
487 2389 656 2454 manifesto
686 2387 816 2453 Phidiae
845 2408 964 2452 nomen
998 2386 1111 2467 lateat,
1146 2398 1289 2475 apertum
1318 2401 1368 2455 est

360 2522 420 2588 pro
443 2495 570 2587 ματρὸς
592 2499 795 2566 scribendum
818 2521 888 2564 esse
910 2494 1044 2587 πατρός.
1149 2546 1156 2559 .
1189 2481 1192 2486 ’

447 2614 534 2678 XIV.
570 2613 621 2677 Ab
645 2610 715 2677 aliis
738 2611 903 2676 Leonidae
925 2611 1077 2676 tributum
1101 2632 1171 2677 esse
1195 2623 1367 2678 annotatur
1496 2625 1497 2678 Q

360 2727 394 2790 in
417 2724 489 2791 cod.
512 2722 577 2790 Pal.

447 2838 518 2902 XV.
556 2837 613 2900 Vs.
632 2837 649 2900 l
674 2834 809 2901 fortasse
832 2835 1020 2900 Μενεδαῒσν
1040 2833 1253 2914 scribendum,
1274 2843 1310 2898 ut
1331 2833 1366 2898 id
1496 2829 1497 2848 ¹

360 2952 464 3037 ipsum
488 2951 561 3034 equi
582 2968 701 3012 nomen
722 2947 828 3012 fuerit.
862 2948 940 3012 Eius
962 2948 1100 3010 nominis
1123 2945 1299 3033 exemplum
1312 2946 1367 3009 ha-

261 3063 270 3092 s
359 3061 419 3127 bes
442 3064 518 3125 item
540 3059 626 3146 apud
649 3059 796 3145 Thucyd.
819 3060 956 3138 111,100
979 3056 1036 3122 ubi
1058 3060 1161 3124 minus
1182 3068 1269 3125 recte
1292 3059 1367 3124 Me·

360 3171 491 3248 νεδαῖσς
513 3175 663 3259 scriptum
679 3181 735 3236 est.
769 3173 827 3236 Vs.
843 3173 865 3236 2
888 3169 960 3235 cod.
977 3165 1149 3259 δαφοινόν,
1171 3169 1258 3258 quod
1272 3190 1367 3234 revo-

362 3287 441 3348 cavi.
494 3282 560 3349 Cir.
587 3285 702 3349 Nossis
725 3285 828 3362 111,3
857 3285 975 3350 λοῦσαι
1004 3276 1033 3346 δ
1056 3277 1180 3365 Ἰνωπῷ
1208 3274 1367 3370 καθαρὸν

358 3390 454 3483 χρόα.
499 3397 542 3461 Et
566 3399 610 3461 ita
632 3399 825 3481 saepissime.
870 3393 1039 3460 Jacobsius
1064 3417 1102 3459 ex
1124 3393 1223 3459 Suida
1245 3393 1366 3483 δαφοι-

360 3502 427 3584 νός.
461 3509 557 3574 Vsa
579 3529 639 3594 pro
663 3504 830 3595 ἀργαλέαν
851 3507 1021 3572 Jacobsius
1043 3505 1187 3572 tentabat
1208 3501 1365 3570 αὐαλέαν.

361 3618 473 3685 Malim
496 3615 645 3706 ἀργαλέῳ
668 3629 769 3704 γαῖαν
791 3619 898 3685 ἔδευσε
921 3615 1023 3709 φόνῳ.

449 3732 552 3796 XVII.
590 3734 693 3797 vas
721 3731 787 3796 Pal.
802 3732 936 3816 -βιάτος,
981 3730 1123 3796 Brunck.
1147 3730 1266 3814 βίαιος.
1311 3730 1368 3791 Ja-

363 3843 491 3909 cobsius
509 3839 637 3928 βιατάς.
672 3845 728 3908 Vs.
748 3846 768 3909 5
792 3840 877 3929 αἷμα
891 3843 1054 3923 Jacobsio,
1078 3846 1105 3908 si
1121 3845 1294 3931 genuinum
1316 3841 1367 3918 sit,

364 3954 404 4019 de
426 3966 547 4043 gente
569 3955 787 4043 accipiendum
801 3956 935 4022 videtur.
973 3956 1117 4022 Praefert
1139 3957 1246 4020 tamen
1260 3947 1367 4038 ἅμμα,

363 4067 561 4133 nefandos
585 4068 799 4156 amplexus
837 4071 969 4134 Rectius
993 4067 1034 4134 de
1058 4067 1156 4133 caede
1178 4069 1367 4152 interprete·
1394 4145 1396 4149 Ι
