3028 4826
358 476 410 532 194
699 465 1019 532 ΟΟΝΙΕΟΤΑΝΕΑ.
1048 503 1050 506 -

632 678 849 732 nmmcnrus
867 680 926 730 να.
938 678 1007 745 vu,
1025 673 1087 729 497.

446 903 541 970 παιδὶ
562 897 666 988 Λύκῳ
688 896 799 969 κενεόν
820 904 939 968 τοῦτον
961 904 1046 989 έχενε
1067 895 1195 991 τάφον·

404 1013 479 1083 οὐδὲ
501 1008 565 1103 χᾶρ
589 1012 730 1096 ὀθνείην
751 1015 865 1100 ἔλαχεν
886 1009 992 1092 κόνιν,
1015 1007 1172 1088 ἀλλοίας
1194 1005 1277 1090 ἀκτή

447 1122 521 1204 νιοίς
541 1119 564 1207 ἢ
585 1121 696 1206 νήσων
717 1121 904 1191 ποντιόδων
926 1148 975 1202 τις
996 1125 1074 1210 έχει·

405 1223 480 1306 ’ἕνθ’
508 1233 565 1323 dyc
586 1260 651 1304 πον
672 1231 805 1304 πάντων
826 1241 963 1323 κτερέων
986 1228 1064 1332 όίτερ
1088 1231 1187 1300 ὀστέα
1210 1235 1324 1324 φαίνει

448 1343 570 1436 γυμνός
591 1346 642 1414 trc’
668 1345 799 1427 ἀξείνου
821 1350 967 1434 κείμενος
989 1347 1149 1432 αἰγιαλοῦ.

362 1487 457 1552 ναί
481 1483 552 1549 cod.
574 1477 656 1563 νιοίς,
679 1465 897 1570 superscripto
920 1506 952 1563 η.
983 1481 1081 1548 Unde
1097 1479 1278 1546 Brunckius
1302 1478 1368 1543 edi-

363 1599 409 1664 dit
431 1592 535 1678 νηῖοίς,
559 1595 646 1683 quod
668 1594 709 1660 de
730 1594 840 1660 littore
863 1598 1092 1681 interpretatur
1114 1593 1170 1658 ubi
1185 1612 1282 1656 neves
1306 1600 1369 1655 sta-

363 1713 484 1775 tionem
506 1706 632 1772 habent.
677 1706 797 1772 Merito
820 1707 883 1770 hoc
907 1706 1044 1792 explosit
1064 1703 1244 1782 Jacobsius
1271 1705 1323 1766 cui
1348 1695 1368 1782 ἢ

363 1813 481 1927 occipio
503 1830 559 1884 aut
580 1813 602 1899 ἢ
624 1820 724 1896 λέπας
746 1816 947 1883 scribendum
962 1816 1140 1882 videbatur.
1177 1817 1251 1900 Ipse
1266 1815 1368 1899 suspi-

362 1931 458 1996 cabar
481 1923 563 2010 ἀκτὴ
585 1926 715 2009 θινιοίς,
737 1930 856 1995 littus
879 1949 1103 2008 arenosum,
1127 1926 1181 1991 vel
1204 1919 1286 2005 ἀκτὴ
1308 1948 1368 2008 χη·

363 2038 432 2121 ϊοίς,
461 2045 714 2107 continentis
742 2040 873 2107 littus.
917 2041 1075 2105 Neutrum
1101 2040 1215 2103 horum
1237 2035 1368 2101 adiecti-

363 2175 474 2219 vorum
497 2151 566 2218 aliis
589 2152 668 2218 locis
691 2151 824 2241 legitur3
852 2159 885 2215 et
906 2154 1080 2216 rectissime
1102 2151 1237 2215 formata
1260 2157 1343 2212 sunt.

560 2479 712 2544 mounes
732 2477 927 2531 ccxxsmus
945 2479 1003 2531 rar.
1016 2479 1083 2546 vu,
1100 2473 1163 2531 ³93.

408 2589 470 2676 Μή
486 2618 526 2680 με
541 2590 614 2660 κόνι
628 2589 782 2681 κρόψητε,
803 2594 837 2657 τί
854 2587 939 2679 χοίρς
960 2587 1050 2670 πόλι,
1069 2588 1148 2678 μηδ’
1164 2592 1217 2656 ἐπὶ
1231 2583 1355 2666 ταύτας

449 2703 551 2796 ᾐόνας
574 2703 632 2772 οὐκ
654 2699 774 2786 ὀνοτὴν
794 2715 896 2789 γαῖαν
917 2705 991 2790 έμοὶ
1011 2703 1133 2768 τίθετε.

408 2814 533 2904 μαίνετ’
548 2814 591 2883 ίὸ’
606 2815 651 2895 είς
671 2840 713 2903 με
728 2812 892 2883 θάλασσα
913 2818 969 2882 καὶ
987 2820 1022 2881 έν
1040 2814 1190 2902 χέρσοισί
1203 2835 1244 2900 με
1260 2809 1370 2878 δειλόν

452 2927 591 3015 εὑρίσκει
612 2930 743 3016 ῥαχίαις
764 2923 831 2994 οἶδέ
853 2950 894 3016 με
916 2925 977 3007 κήν
996 2923 1099 3018 Ἀίδῃ.

405 3043 526 3128 χέρσον
548 3041 751 3125 έπεκβαίνειν
773 3037 802 3105 εί
821 3063 882 3124 μεν
900 3035 999 3125 χάριν
1019 3034 1117 3104 ὕδατι
1138 3033 1260 3123 θυμός,

398 3137 400 3141 ,
452 3146 629 3237 πόρκειμαι
651 3151 802 3242 σταθερῇ
823 3154 980 3236 μιμνέμεν
1006 3146 1049 3226 ὡς
1070 3143 1210 3240 ἄταφος.

366 3298 413 3362 Ita
434 3319 560 3362 versum
583 3299 709 3362 tertium
732 3295 833 3362 edidit
849 3294 1030 3362 Jacobsius.
1064 3295 1161 3381 Atqui
1181 3295 1368 3382 lectiocod.

364 3406 431 3472 Pel.
454 3409 586 3493 μαίνετε
609 3405 638 3473 δ’
662 3413 706 3486 είς
728 3412 791 3494 ἐμέ,
812 3409 980 3474 manifesto
1005 3406 1146 3472 ostendit
1167 3406 1369 3472 scribendum

367 3540 437 3584 esse
458 3521 611 3603 μαίνεται
634 3519 678 3596 είς
699 3542 749 3605 με.
794 3520 873 3589 Mox
894 3518 979 3586 idem
1002 3518 1104 3584 codex
1122 3521 1285 3606 χέρσοισι,
1311 3518 1369 3583 sed

366 3633 412 3696 sic
439 3640 475 3696 ut
499 3634 670 3717 postremis
698 3631 813 3698 litteris
843 3654 897 3699 σοι
924 3615 1175 3720 superscriptum
1197 3633 1253 3707 sit;
1281 3628 1369 3695 unde

364 3740 520 3808 Jacobsio
543 3742 700 3828 probante
719 3747 850 3831 χέρσοιο
875 3747 1012 3810 correxit
1032 3746 1064 3809 J.
1081 3742 1122 3810 G.
1146 3741 1368 3810 Schneiderus.

364 3855 465 3920 Recte
487 3864 593 3919 temen
614 3853 680 3943 legi
701 3854 830 3920 videtur
848 3860 1008 3945 χέρσοισι,
1034 3853 1122 3942 quod
1144 3853 1300 3919 adiective
1323 3851 1370 3916 di-

364 3967 409 4030 xit
437 3969 531 4031 etiam
559 3966 737 4053 Sophocles
766 3967 874 4057 Antig.
903 3969 968 4033 251
1004 3959 1149 4057 στνφλός
1177 3966 1211 4030 δέ
1240 3964 1285 4050 χῆ
1312 3966 1367 4028 καὶ

360 4080 487 4164 χέρσος.
544 4079 626 4144 Tum
661 4075 805 4166 quartum
833 4101 959 4146 versum
993 4083 1038 4145 ita
1073 4080 1237 4166 corrigere
1264 4073 1370 4141 voluit
