3026 4816
331 473 367 528 92
599 467 859 526 ADNOTATIO
882 467 1067 528 cultior.

331 641 452 687 morem
474 619 691 709 elegiacorum
711 631 879 708 poctarum
901 623 1043 688 usitatius
1066 631 1150 687 esset
1168 621 1334 710 βλοσυροῦ

331 732 498 820 φλοῖσβον
515 728 702 798 Ἐνυαλίου.
763 727 767 736 ’

418 845 460 907 V.
503 846 561 908 Vs.
579 847 601 908 2
624 863 684 930 pro
707 843 804 909 τοῦτο
826 842 976 909 Reiskius
997 839 1120 923 πότνα,
1149 841 1237 930 quod
1257 865 1331 929 pro

329 954 453 1034 barem,
486 956 550 1019 uisi
577 957 722 1042 proximo
750 976 846 1020 versu
878 965 1064 1040 sequeretur
1097 949 1227 1021 πότνια.
1281 954 1329 1019 lb.

330 1061 420 1133 τοῦδ’
445 1065 569 1132 Suidas.
620 1064 687 1130 Pal.
715 1061 825 1131 ταῦθ’.
875 1066 1053 1131 Brunckius
1079 1061 1156 1152 χεῖρ’
1180 1061 1330 1151 ὑπέρισχε

328 1176 415 1260 βιοῦ.
441 1177 612 1243 Jacobsius
626 1173 716 1242 τοῦδ’
730 1173 879 1263 ὑπέρισχε
893 1177 976 1262 ῥίου,
991 1198 1061 1263 ευρ
1070 1199 1111 1242 er
1124 1176 1229 1242 huuc
1242 1198 1331 1242 sco-

328 1286 462 1375 pulum
485 1291 673 1354 emineas!
718 1286 818 1372 Quod
839 1309 949 1352 verum
970 1287 1105 1352 videtur.
1151 1288 1249 1353 vet
1275 1293 1329 1372 ε’γ-

328 1410 437 1465 κονεῑν
462 1421 523 1485 per
551 1421 587 1464 se
616 1398 742 1486 quidem
771 1401 931 1486 aptissime
961 1398 1076 1464 dicitur
1099 1399 1205 1464 Diana
1234 1421 1330 1465 vcna-

329 1512 397 1575 trir.
448 1512 520 1576 Nec
547 1513 581 1575 iu
610 1510 724 1575 dativis
758 1505 944 1594 μαιμιόσαις
971 1510 1064 1576 κυσίν
1091 1511 1219 1576 haereo.
1270 1511 1330 1576 So-

329 1620 462 1707 phocles
490 1620 575 1688 Oed.
604 1622 682 1706 Tyr.
705 1621 771 1686 686
800 1620 914 1699 θειάις
940 1619 1139 1712 ἀμφιπολεῖν
1163 1615 1328 1701 τιθήναις.

328 1731 395 1797 Sed
424 1725 531 1799 δεινόν
559 1733 611 1796 hic
639 1731 766 1818 quidem
794 1753 947 1798 naccum
968 1727 1155 1817 μαιμώσαις
1174 1754 1238 1797 uec
1258 1755 1330 1798 cum

329 1846 523 1928 έμκονέουσα
544 1842 628 1908 bene
651 1845 864 1930 coniungitur.
915 1845 1039 1908 Forsan
1065 1846 1162 1932 igitur
1182 1847 1329 1928 tyupoct-
1421 1855 1423 1859 ’

328 1973 413 2021 ουοα
436 1953 636 2019 scribendum
658 1957 678 2018 i.
695 1976 722 2018 e.
746 1947 853 2019 δεινόν
874 1949 993 2043 κρότον
1014 1956 1107 2021 κυσὶν
1128 1955 1307 2020 ἐνσείουσα.

415 2066 474 2130 Vl.
512 2066 569 2130 Vs.
586 2067 607 2130 4
628 2064 809 2130 Brunckius
831 2065 1010 2149 δυσμενέες.
1045 2065 1131 2152 Apte
1146 2076 1331 2152 comparant

328 2176 510 2242 Archiloch.
540 2176 626 2263 apud
653 2176 760 2242 Schol.
783 2177 883 2263 Soph.
907 2174 956 2241 El.
979 2178 1023 2242 96
1051 2175 1154 2257 ξείνια
1176 2177 1329 2262 ὃυσμενέ·

328 2309 382 2355 σιν
403 2282 507 2376 λυγρὰ
525 2283 746 2375 χαριζόμενος.
1017 2314 1020 2320 ’

416 2401 490 2466 VH.
527 2400 622 2464 Vs.3
645 2398 717 2463 cod.
739 2399 807 2464 Pal.
830 2390 891 2464 ὦδε
914 2391 991 2465 οὔτ’.
1033 2400 1147 2464 Parum
1169 2397 1274 2486 placet
1295 2402 1330 2464 iu

329 2511 429 2577 tribus
451 2511 602 2598 deinceps
624 2510 768 2576 versibus
794 2519 844 2575 ter
864 2513 1033 2596 repetitum
1055 2501 1126 2575 ὧδε.
1177 2511 1330 2598 Suspicor

329 2615 369 2691 οὔ
388 2646 441 2689 τοι
462 2618 606 2711 πρώονες
627 2619 697 2688 ἕνθ’
724 2614 786 2688 οὔτ’
813 2613 945 2705 όμκεα.Ι
970 2623 1052 2685 Tum
1074 2622 1187 2702 ἔρωτες
1214 2630 1247 2686 et
1267 2617 1329 2687 πό-

328 2735 397 2810 θος
418 2737 529 2821 scripsi
550 2755 609 2821 pro
619 2726 757 2821 Ἔρωτες
772 2741 805 2797 et
818 2726 952 2810 Πόθος.
986 2734 1045 2797 Vs.
1060 2737 1078 2798 d
1095 2735 1226 2818 νέμεται
1240 2732 1328 2797 Plan.

327 2848 460 2929 μένεται
480 2845 546 2910 Pal.

416 2957 469 3022 ΙΧ.
507 2957 602 3021 Vad
625 2956 715 3021 Plan.
738 2958 871 3035 παῦσαι,
893 2955 982 3042 quod
998 2964 1151 3042 sequutus
1167 2965 1215 3020 est
1228 2957 1331 3020 Bruu-

329 3068 429 3133 ckius.
471 3068 645 3134 Jacobsius
668 3091 687 3133 a
708 3067 775 3133 Pal.
798 3069 897 3148 παῦε,
925 3068 1045 3132 hiatum
1072 3068 1212 3132 excusari
1234 3087 1329 3153 posse

327 3190 425 3246 ratus,
475 3180 593 3266 Scripsi
620 3174 721 3258 παύε’,
756 3181 826 3244 έπεί
854 3189 913 3244 etc.
963 3179 1123 3245 Homerus
1155 3181 1190 3242 in
1219 3177 1328 3242 cadem

327 3313 438 3356 versus
460 3291 536 3356 sede
559 3290 595 3357 ll.
618 3294 653 3371 9,
676 3294 742 3356 260
768 3287 869 3370 παύε’,
897 3290 937 3356 έα
959 3290 993 3355 δὲ
1017 3283 1120 3375 χόλον
1141 3289 1328 3376 θυμαλγέα.

328 3405 450 3469 Bianor
470 3403 565 3468 Auth.
587 3401 655 3468 Pal.
677 3403 719 3481 X,
745 3404 804 3466 101
827 3398 901 3487 έσχέ
927 3397 1172 3489 όροτροὸέαυλε.

415 3517 452 3579 Χ.
490 3516 549 3579 Vs.
570 3516 592 3579 3
622 3506 755 3599 exceptio
775 3535 835 3600 pro
859 3507 990 3600 οκιερὴν
1017 3511 1147 3576 Jacobs.
1176 3515 1210 3577 in
1232 3513 1328 3577 notis.

328 3628 386 3690 Vs.
402 3628 423 3691 4
446 3624 531 3692 Cod.
547 3623 687 3704 ξουθαν.
723 3623 812 3689 ΡΙεο.
828 3622 968 3703 ξουθᾶν.
999 3623 1129 3688 Jacobs.
1153 3627 1221 3688 siue
1236 3645 1330 3688 causa

327 3735 482 3818 ξουθαῖν.
529 3739 611 3802 Tum
634 3731 697 3802 όιόὺ
718 3758 777 3823 pro
802 3730 863 3817 ἡδὺ
884 3735 1073 3801 Brunckius.

415 3849 469 3913 xl.
508 3851 564 3914 Vs.
589 3850 607 3913 l
637 3849 711 3913 sort.
738 3849 944 3935 Δαμοκρίτου
973 3846 1024 3912 cll.
1051 3847 1204 3913 Phaenuo
1235 3847 1328 3910 Anth.
1400 3861 1402 3866 ·

327 3959 396 4026 Pal.
411 3961 483 4039 Vll,
501 3963 572 4027 197.
610 3959 656 4025 Ib.
674 3959 742 4024 Pal.
765 3950 832 4025 ἆδε.
867 3962 968 4024 Recte
984 3958 1098 4025 Suidas
1121 3953 1189 4024 ἅδε.
1223 3959 1264 4021 V.
1288 3956 1330 4021 ad

329 4072 464 4137 Theocr.
477 4074 518 4152 V,
532 4074 584 4138 34.
618 4074 676 4136 Vs.
691 4073 713 4136 2
734 4070 800 4138 Pal.
817 4066 974 4159 ἀργειλός.
1011 4071 1160 4139 Correxit
1175 4067 1315 4134 Brunck.
