<?xml version="1.0" encoding="UTF-8"?>
<!DOCTYPE html PUBLIC "-//W3C//DTD XHTML 1.0 Transitional//EN"
    "http://www.w3.org/TR/xhtml1/DTD/xhtml1-transitional.dtd">
<html xmlns="http://www.w3.org/1999/xhtml" xml:lang="en" lang="en">
 <head>
  <title>
</title>
<meta http-equiv="Content-Type" content="text/html;charset=utf-8" />
  <meta name='ocr-system' content='tesseract 3.04.00' />
  <meta name='ocr-capabilities' content='ocr_page ocr_carea ocr_par ocr_line ocrx_word'/>
</head>
<body>
  <div class='ocr_page' id='page_1' title='image "./delectuspoetaru00meingoog_0162.png"; bbox 0 0 3026 4816; ppageno 0'>
   <div class='ocr_carea' id='block_1_1' title="bbox 450 457 1185 520">
    <p class='ocr_par' dir='ltr' id='par_1_1' title="bbox 450 457 1185 520">
     <span class='ocr_line' id='line_1_1' title="bbox 450 457 1185 520; baseline 0.005 -5"><span class='ocrx_word' id='word_1_1' title='bbox 450 457 706 517; x_wconf 71' lang='lat' dir='ltr'><strong>annonario</strong></span> <span class='ocrx_word' id='word_1_2' title='bbox 729 457 915 517; x_wconf 68' lang='lat' dir='ltr'><strong>catulos.</strong></span> <span class='ocrx_word' id='word_1_3' title='bbox 1135 461 1185 520; x_wconf 81' lang='lat'><strong>1³7</strong></span> 
     </span>
    </p>
   </div>
   <div class='ocr_carea' id='block_1_2' title="bbox 124 606 1187 1253">
    <p class='ocr_par' dir='ltr' id='par_1_2' title="bbox 124 606 1187 1253">
     <span class='ocr_line' id='line_1_2' title="bbox 270 606 1187 700; baseline 0.002 -25"><span class='ocrx_word' id='word_1_4' title='bbox 270 606 344 675; x_wconf 84' lang='lat' dir='ltr'><strong>CV.</strong></span> <span class='ocrx_word' id='word_1_5' title='bbox 389 607 474 676; x_wconf 88' lang='lat' dir='ltr'><strong>Cod.</strong></span> <span class='ocrx_word' id='word_1_6' title='bbox 504 611 564 675; x_wconf 81' lang='grc' dir='ltr'><strong>τοῦ</strong></span> <span class='ocrx_word' id='word_1_7' title='bbox 588 607 698 676; x_wconf 81' lang='grc' dir='ltr'><strong>αὐτοῦ.</strong></span> <span class='ocrx_word' id='word_1_8' title='bbox 743 611 910 677; x_wconf 82' lang='lat' dir='ltr'><strong>Praecedit</strong></span> <span class='ocrx_word' id='word_1_9' title='bbox 931 611 1097 677; x_wconf 80' lang='lat' dir='ltr'>Leonidae</span> <span class='ocrx_word' id='word_1_10' title='bbox 1120 616 1187 700; x_wconf 89' lang='lat' dir='ltr'><strong>cpi-</strong></span> 
     </span>
     <span class='ocr_line' id='line_1_3' title="bbox 183 721 1186 811; baseline 0.005 -27"><span class='ocrx_word' id='word_1_11' title='bbox 183 741 324 808; x_wconf 79' lang='lat' dir='ltr'><strong>gramma</strong></span> <span class='ocrx_word' id='word_1_12' title='bbox 346 724 502 807; x_wconf 89' lang='lat' dir='ltr'><strong>superius.</strong></span> <span class='ocrx_word' id='word_1_13' title='bbox 536 721 614 807; x_wconf 86' lang='lat' dir='ltr'><strong>Quo</strong></span> <span class='ocrx_word' id='word_1_14' title='bbox 635 725 706 787; x_wconf 91' lang='lat' dir='ltr'><strong>iure</strong></span> <span class='ocrx_word' id='word_1_15' title='bbox 719 725 804 788; x_wconf 88' lang='lat' dir='ltr'><strong>inter</strong></span> <span class='ocrx_word' id='word_1_16' title='bbox 818 723 1010 788; x_wconf 88' lang='lat' dir='ltr'><strong>Theocritea</strong></span> <span class='ocrx_word' id='word_1_17' title='bbox 1023 735 1186 811; x_wconf 87' lang='lat' dir='ltr'><strong>receptum</strong></span> 
     </span>
     <span class='ocr_line' id='line_1_4' title="bbox 182 828 1187 919; baseline 0.003 -22"><span class='ocrx_word' id='word_1_18' title='bbox 182 834 225 897; x_wconf 87' lang='lat' dir='ltr'><strong>sit</strong></span> <span class='ocrx_word' id='word_1_19' title='bbox 245 833 366 897; x_wconf 89' lang='lat' dir='ltr'><strong>nescio.</strong></span> <span class='ocrx_word' id='word_1_20' title='bbox 411 834 505 898; x_wconf 81' lang='lat' dir='ltr'><strong>Vsl</strong></span> <span class='ocrx_word' id='word_1_21' title='bbox 536 832 607 899; x_wconf 90' lang='lat' dir='ltr'><strong>cod.</strong></span> <span class='ocrx_word' id='word_1_22' title='bbox 635 828 784 919; x_wconf 77' lang='grc' dir='ltr'><strong>Θράσσᾳ.</strong></span> <span class='ocrx_word' id='word_1_23' title='bbox 832 835 924 900; x_wconf 71' lang='lat' dir='ltr'><strong>ves</strong></span> <span class='ocrx_word' id='word_1_24' title='bbox 948 834 1019 900; x_wconf 92' lang='lat' dir='ltr'><strong>cod.</strong></span> <span class='ocrx_word' id='word_1_25' title='bbox 1043 831 1187 900; x_wconf 71' lang='lat' dir='ltr'><strong>derensi-</strong></span> 
     </span>
     <span class='ocr_line' id='line_1_5' title="bbox 183 943 1186 1031; baseline 0.003 -22"><span class='ocrx_word' id='word_1_26' title='bbox 183 964 258 1009; x_wconf 81' lang='grc' dir='ltr'><strong>νων.</strong></span> <span class='ocrx_word' id='word_1_27' title='bbox 304 945 362 1008; x_wconf 91' lang='lat' dir='ltr'><strong>Vs.</strong></span> <span class='ocrx_word' id='word_1_28' title='bbox 384 944 405 1008; x_wconf 92' lang='grc'><strong>4</strong></span> <span class='ocrx_word' id='word_1_29' title='bbox 436 943 508 1009; x_wconf 92' lang='lat' dir='ltr'><strong>cod.</strong></span> <span class='ocrx_word' id='word_1_30' title='bbox 530 947 631 1029; x_wconf 78' lang='grc' dir='ltr'><strong><em>τιμᾶν</em></strong></span> <span class='ocrx_word' id='word_1_31' title='bbox 658 945 705 1010; x_wconf 72' lang='grc' dir='ltr'><strong>ἔτι</strong></span> <span class='ocrx_word' id='word_1_32' title='bbox 722 945 871 1031; x_wconf 76' lang='grc' dir='ltr'><em>χρησίμα</em></span> <span class='ocrx_word' id='word_1_33' title='bbox 891 945 1034 1012; x_wconf 81' lang='grc' dir='ltr'><strong>τελευτᾶ.</strong></span> <span class='ocrx_word' id='word_1_34' title='bbox 1080 947 1186 1012; x_wconf 82' lang='lat' dir='ltr'><strong>Theo</strong></span> 
     </span>
     <span class='ocr_line' id='line_1_6' title="bbox 124 1049 1186 1144; baseline 0.005 -26"><span class='ocrx_word' id='word_1_35' title='bbox 124 1117 128 1129; x_wconf 85' lang='grc'><strong>,</strong></span> <span class='ocrx_word' id='word_1_36' title='bbox 183 1055 253 1119; x_wconf 89' lang='lat' dir='ltr'><strong>criti</strong></span> <span class='ocrx_word' id='word_1_37' title='bbox 276 1052 435 1120; x_wconf 75' lang='lat' dir='ltr'><strong>editiones</strong></span> <span class='ocrx_word' id='word_1_38' title='bbox 462 1057 496 1120; x_wconf 83' lang='grc' dir='ltr'><strong>τί</strong></span> <span class='ocrx_word' id='word_1_39' title='bbox 516 1049 601 1141; x_wconf 68' lang='lat' dir='ltr'><strong>wic,-</strong></span> <span class='ocrx_word' id='word_1_40' title='bbox 629 1057 676 1120; x_wconf 76' lang='grc' dir='ltr'><strong>ἔτι</strong></span> <span class='ocrx_word' id='word_1_41' title='bbox 693 1057 843 1143; x_wconf 81' lang='grc' dir='ltr'><em>χρησίμα</em></span> <span class='ocrx_word' id='word_1_42' title='bbox 863 1058 1020 1123; x_wconf 53' lang='grc' dir='ltr'><strong>καλεῖται.</strong></span> <span class='ocrx_word' id='word_1_43' title='bbox 1065 1055 1186 1144; x_wconf 82' lang='lat' dir='ltr'><strong>Scripsi</strong></span> 
     </span>
     <span class='ocr_line' id='line_1_7' title="bbox 183 1159 723 1253; baseline 0 -23"><span class='ocrx_word' id='word_1_44' title='bbox 183 1159 235 1230; x_wconf 81' lang='grc' dir='ltr'><strong>ὅτι</strong></span> <span class='ocrx_word' id='word_1_45' title='bbox 252 1168 402 1253; x_wconf 85' lang='grc' dir='ltr'><em>χρησίμα</em></span> <span class='ocrx_word' id='word_1_46' title='bbox 423 1187 520 1232; x_wconf 85' lang='lat' dir='ltr'><strong>suasu</strong></span> <span class='ocrx_word' id='word_1_47' title='bbox 540 1166 723 1231; x_wconf 88' lang='lat' dir='ltr'><strong>Hermanni.</strong></span> 
     </span>
    </p>
   </div>
   <div class='ocr_carea' id='block_1_3' title="bbox 162 1271 1188 3597">
    <p class='ocr_par' dir='ltr' id='par_1_3' title="bbox 183 1271 1187 1585">
     <span class='ocr_line' id='line_1_8' title="bbox 272 1271 1186 1368; baseline 0.001 -24"><span class='ocrx_word' id='word_1_48' title='bbox 272 1276 360 1344; x_wconf 89' lang='lat' dir='ltr'><strong>CVI.</strong></span> <span class='ocrx_word' id='word_1_49' title='bbox 397 1276 464 1343; x_wconf 87' lang='lat' dir='ltr'><strong>Pal.</strong></span> <span class='ocrx_word' id='word_1_50' title='bbox 488 1271 580 1343; x_wconf 76' lang='grc' dir='ltr'><strong>ἄλλο.</strong></span> <span class='ocrx_word' id='word_1_51' title='bbox 618 1277 705 1343; x_wconf 87' lang='lat' dir='ltr'><strong>Idem</strong></span> <span class='ocrx_word' id='word_1_52' title='bbox 728 1276 769 1342; x_wconf 90' lang='lat' dir='ltr'><strong>ad</strong></span> <span class='ocrx_word' id='word_1_53' title='bbox 791 1281 967 1366; x_wconf 84' lang='lat' dir='ltr'><strong>proximum</strong></span> <span class='ocrx_word' id='word_1_54' title='bbox 986 1282 1186 1368; x_wconf 76' lang='lat' dir='ltr'><strong>epigramma,</strong></span> 
     </span>
     <span class='ocr_line' id='line_1_9' title="bbox 184 1387 1187 1476; baseline 0.007 -24"><span class='ocrx_word' id='word_1_55' title='bbox 184 1387 273 1475; x_wconf 92' lang='lat' dir='ltr'><strong>quod</strong></span> <span class='ocrx_word' id='word_1_56' title='bbox 295 1389 389 1454; x_wconf 89' lang='lat' dir='ltr'><strong>nobis</strong></span> <span class='ocrx_word' id='word_1_57' title='bbox 412 1399 462 1454; x_wconf 90' lang='lat' dir='ltr'><strong>est</strong></span> <span class='ocrx_word' id='word_1_58' title='bbox 489 1411 521 1454; x_wconf 92' lang='lat' dir='ltr'><strong>n.</strong></span> <span class='ocrx_word' id='word_1_59' title='bbox 545 1391 602 1468; x_wconf 80' lang='lat'><strong>75,</strong></span> <span class='ocrx_word' id='word_1_60' title='bbox 632 1387 825 1476; x_wconf 87' lang='lat' dir='ltr'><strong>adscriptum</strong></span> <span class='ocrx_word' id='word_1_61' title='bbox 852 1389 949 1456; x_wconf 90' lang='lat' dir='ltr'><strong>habet</strong></span> <span class='ocrx_word' id='word_1_62' title='bbox 972 1389 1098 1456; x_wconf 86' lang='lat' dir='ltr'><strong>lemma:</strong></span> <span class='ocrx_word' id='word_1_63' title='bbox 1126 1395 1187 1460; x_wconf 80' lang='grc' dir='ltr'><strong>τοῦ</strong></span> 
     </span>
     <span class='ocr_line' id='line_1_10' title="bbox 183 1495 878 1585; baseline 0.003 -21"><span class='ocrx_word' id='word_1_64' title='bbox 183 1495 287 1565; x_wconf 81' lang='grc' dir='ltr'>αὐτοῦ</span> <span class='ocrx_word' id='word_1_65' title='bbox 308 1501 491 1566; x_wconf 81' lang='grc' dir='ltr'><strong>Λεωνίδου.</strong></span> <span class='ocrx_word' id='word_1_66' title='bbox 535 1503 631 1566; x_wconf 72' lang='lat' dir='ltr'><strong>Vsa</strong></span> <span class='ocrx_word' id='word_1_67' title='bbox 653 1499 720 1566; x_wconf 86' lang='lat' dir='ltr'><strong>Pal</strong></span> <span class='ocrx_word' id='word_1_68' title='bbox 743 1506 878 1585; x_wconf 73' lang='grc' dir='ltr'><strong>ἐγένετο.</strong></span> 
     </span>
    </p>

    <p class='ocr_par' dir='ltr' id='par_1_4' title="bbox 183 1607 1188 2036">
     <span class='ocr_line' id='line_1_11' title="bbox 271 1607 1187 1700; baseline 0.001 -22"><span class='ocrx_word' id='word_1_69' title='bbox 271 1610 374 1678; x_wconf 88' lang='lat' dir='ltr'><strong>CVII.</strong></span> <span class='ocrx_word' id='word_1_70' title='bbox 403 1612 461 1676; x_wconf 90' lang='lat' dir='ltr'><strong>Vs.</strong></span> <span class='ocrx_word' id='word_1_71' title='bbox 479 1615 497 1677; x_wconf 97' lang='lat' dir='ltr'><strong>l</strong></span> <span class='ocrx_word' id='word_1_72' title='bbox 521 1614 635 1700; x_wconf 85' lang='lat' dir='ltr'><strong>scripsi</strong></span> <span class='ocrx_word' id='word_1_73' title='bbox 652 1608 823 1698; x_wconf 75' lang='lat' dir='ltr'><strong>qi’ywdpoc</strong></span> <span class='ocrx_word' id='word_1_74' title='bbox 844 1616 891 1692; x_wconf 80' lang='lat' dir='ltr'><strong>(ol</strong></span> <span class='ocrx_word' id='word_1_75' title='bbox 906 1607 1085 1699; x_wconf 76' lang='lat' dir='ltr'><strong>clywo‘pot)</strong></span> <span class='ocrx_word' id='word_1_76' title='bbox 1106 1608 1187 1679; x_wconf 78' lang='grc' dir='ltr'><strong>Σώ-</strong></span> 
     </span>
     <span class='ocr_line' id='line_1_12' title="bbox 184 1717 1188 1813; baseline 0.003 -24"><span class='ocrx_word' id='word_1_77' title='bbox 184 1743 260 1789; x_wconf 86' lang='grc' dir='ltr'><strong>σων.</strong></span> <span class='ocrx_word' id='word_1_78' title='bbox 305 1721 390 1788; x_wconf 92' lang='lat' dir='ltr'><strong>Cod.</strong></span> <span class='ocrx_word' id='word_1_79' title='bbox 414 1717 572 1807; x_wconf 81' lang='grc' dir='ltr'>ὡγινόμοι</span> <span class='ocrx_word' id='word_1_80' title='bbox 592 1718 730 1802; x_wconf 64' lang='lat' dir='ltr'><strong>Scitote,</strong></span> <span class='ocrx_word' id='word_1_81' title='bbox 754 1723 840 1811; x_wconf 94' lang='lat' dir='ltr'><strong>quod</strong></span> <span class='ocrx_word' id='word_1_82' title='bbox 863 1745 937 1789; x_wconf 90' lang='lat' dir='ltr'><strong>num</strong></span> <span class='ocrx_word' id='word_1_83' title='bbox 959 1745 1107 1813; x_wconf 80' lang='lat' dir='ltr'><strong>graecum</strong></span> <span class='ocrx_word' id='word_1_84' title='bbox 1129 1746 1188 1791; x_wconf 89' lang='lat' dir='ltr'><strong>no-</strong></span> 
     </span>
     <span class='ocr_line' id='line_1_13' title="bbox 183 1833 1187 1923; baseline 0.004 -25"><span class='ocrx_word' id='word_1_85' title='bbox 183 1855 257 1899; x_wconf 89' lang='lat' dir='ltr'><strong>rnen</strong></span> <span class='ocrx_word' id='word_1_86' title='bbox 284 1835 381 1900; x_wconf 83' lang='lat' dir='ltr'><strong>luerit</strong></span> <span class='ocrx_word' id='word_1_87' title='bbox 400 1834 606 1900; x_wconf 84' lang='lat' dir='ltr'><strong>vehementer</strong></span> <span class='ocrx_word' id='word_1_88' title='bbox 633 1833 757 1901; x_wconf 87' lang='lat' dir='ltr'><strong>dubito.</strong></span> <span class='ocrx_word' id='word_1_89' title='bbox 801 1836 854 1901; x_wconf 90' lang='lat' dir='ltr'><strong>De</strong></span> <span class='ocrx_word' id='word_1_90' title='bbox 879 1838 1009 1902; x_wconf 91' lang='lat' dir='ltr'><strong>nomine</strong></span> <span class='ocrx_word' id='word_1_91' title='bbox 1030 1835 1187 1923; x_wconf 81' lang='grc' dir='ltr'><strong><em>Σίμαλος</em></strong></span> 
     </span>
     <span class='ocr_line' id='line_1_14' title="bbox 184 1944 1186 2036; baseline 0.003 -27"><span class='ocrx_word' id='word_1_92' title='bbox 184 1948 298 2010; x_wconf 88' lang='lat' dir='ltr'><strong>iniuria</strong></span> <span class='ocrx_word' id='word_1_93' title='bbox 328 1944 495 2010; x_wconf 79' lang='lat' dir='ltr'><strong>dubitabat</strong></span> <span class='ocrx_word' id='word_1_94' title='bbox 516 1946 695 2012; x_wconf 87' lang='lat' dir='ltr'><strong>Jacobsius.</strong></span> <span class='ocrx_word' id='word_1_95' title='bbox 747 1946 901 2036; x_wconf 85' lang='lat' dir='ltr'><strong>Exempla</strong></span> <span class='ocrx_word' id='word_1_96' title='bbox 922 1948 998 2014; x_wconf 87' lang='lat' dir='ltr'><strong>vide</strong></span> <span class='ocrx_word' id='word_1_97' title='bbox 1025 1951 1060 2013; x_wconf 93' lang='lat' dir='ltr'><strong>in</strong></span> <span class='ocrx_word' id='word_1_98' title='bbox 1086 1946 1186 2013; x_wconf 89' lang='lat' dir='ltr'><strong>titulis</strong></span> 
     </span>
    </p>

    <p class='ocr_par' dir='ltr' id='par_1_5' title="bbox 162 2055 1187 3597">
     <span class='ocr_line' id='line_1_15' title="bbox 162 2055 1185 2145; baseline 0.003 -24"><span class='ocrx_word' id='word_1_99' title='bbox 162 2056 270 2144; x_wconf 51' lang='lat' dir='ltr'><strong>¹opud</strong></span> <span class='ocrx_word' id='word_1_100' title='bbox 290 2056 433 2123; x_wconf 83' lang='lat' dir='ltr'><strong>Boeckb</strong></span> <span class='ocrx_word' id='word_1_101' title='bbox 457 2055 558 2144; x_wconf 85' lang='lat' dir='ltr'><strong>Corp.</strong></span> <span class='ocrx_word' id='word_1_102' title='bbox 580 2059 625 2138; x_wconf 89' lang='lat' dir='ltr'><strong>ll,</strong></span> <span class='ocrx_word' id='word_1_103' title='bbox 647 2083 678 2145; x_wconf 90' lang='lat' dir='ltr'><strong>p.</strong></span> <span class='ocrx_word' id='word_1_104' title='bbox 703 2060 780 2125; x_wconf 79' lang='lat'><strong>7⁰2.</strong></span> <span class='ocrx_word' id='word_1_105' title='bbox 799 2082 830 2125; x_wconf 94' lang='lat' dir='ltr'><strong>n.</strong></span> <span class='ocrx_word' id='word_1_106' title='bbox 853 2061 955 2139; x_wconf 88' lang='grc'><strong>3140,</strong></span> <span class='ocrx_word' id='word_1_107' title='bbox 978 2061 1030 2125; x_wconf 91' lang='grc'><strong>40.</strong></span> <span class='ocrx_word' id='word_1_108' title='bbox 1055 2082 1087 2145; x_wconf 90' lang='lat' dir='ltr'><strong>p.</strong></span> <span class='ocrx_word' id='word_1_109' title='bbox 1112 2060 1185 2124; x_wconf 87' lang='grc'><strong>704.</strong></span> 
     </span>
     <span class='ocr_line' id='line_1_16' title="bbox 183 2169 1184 2259; baseline 0.002 -25"><span class='ocrx_word' id='word_1_110' title='bbox 183 2170 407 2249; x_wconf 90' lang='grc'><strong>11.3141,10</strong></span> <span class='ocrx_word' id='word_1_111' title='bbox 437 2178 469 2234; x_wconf 91' lang='lat' dir='ltr'><strong>et</strong></span> <span class='ocrx_word' id='word_1_112' title='bbox 497 2169 584 2256; x_wconf 86' lang='lat' dir='ltr'><strong>epud</strong></span> <span class='ocrx_word' id='word_1_113' title='bbox 605 2170 840 2237; x_wconf 88' lang='lat' dir='ltr'><strong>Anacreontem</strong></span> <span class='ocrx_word' id='word_1_114' title='bbox 862 2172 1035 2258; x_wconf 88' lang='lat' dir='ltr'><strong>Hephaest.</strong></span> <span class='ocrx_word' id='word_1_115' title='bbox 1064 2195 1096 2259; x_wconf 87' lang='lat' dir='ltr'><strong>p.</strong></span> <span class='ocrx_word' id='word_1_116' title='bbox 1122 2173 1184 2236; x_wconf 90' lang='grc'><strong>101</strong></span> 
     </span>
     <span class='ocr_line' id='line_1_17' title="bbox 184 2280 1184 2368; baseline 0 -22"><span class='ocrx_word' id='word_1_117' title='bbox 184 2280 234 2347; x_wconf 92' lang='lat' dir='ltr'><strong>ed.</strong></span> <span class='ocrx_word' id='word_1_118' title='bbox 258 2281 359 2348; x_wconf 86' lang='lat' dir='ltr'><strong>Gaisl.</strong></span> <span class='ocrx_word' id='word_1_119' title='bbox 396 2281 537 2347; x_wconf 86' lang='lat' dir='ltr'><strong>Nonnisi</strong></span> <span class='ocrx_word' id='word_1_120' title='bbox 558 2283 659 2348; x_wconf 80' lang='lat' dir='ltr'><strong>forma</strong></span> <span class='ocrx_word' id='word_1_121' title='bbox 682 2282 792 2348; x_wconf 85' lang='lat' dir='ltr'><strong>diflert</strong></span> <span class='ocrx_word' id='word_1_122' title='bbox 813 2283 854 2368; x_wconf 83' lang='lat' dir='ltr'><strong>ab</strong></span> <span class='ocrx_word' id='word_1_123' title='bbox 876 2286 1041 2349; x_wconf 81' lang='lat' dir='ltr'><strong>usitatiore</strong></span> <span class='ocrx_word' id='word_1_124' title='bbox 1062 2281 1184 2367; x_wconf 81' lang='grc' dir='ltr'><strong>Σῖμος.</strong></span> 
     </span>
     <span class='ocr_line' id='line_1_18' title="bbox 184 2390 1184 2483; baseline -0.001 -24"><span class='ocrx_word' id='word_1_125' title='bbox 184 2390 251 2459; x_wconf 87' lang='lat' dir='ltr'><strong>Clr.</strong></span> <span class='ocrx_word' id='word_1_126' title='bbox 283 2391 324 2458; x_wconf 96' lang='lat' dir='ltr'><strong>ad</strong></span> <span class='ocrx_word' id='word_1_127' title='bbox 352 2392 519 2459; x_wconf 87' lang='lat' dir='ltr'><strong>Leonidae</strong></span> <span class='ocrx_word' id='word_1_128' title='bbox 546 2396 655 2483; x_wconf 80' lang='lat' dir='ltr'><strong>Epigr.</strong></span> <span class='ocrx_word' id='word_1_129' title='bbox 684 2395 796 2461; x_wconf 87' lang='lat' dir='ltr'><strong>LXXI.</strong></span> <span class='ocrx_word' id='word_1_130' title='bbox 853 2397 988 2462; x_wconf 87' lang='lat' dir='ltr'><strong>Tzetzes</strong></span> <span class='ocrx_word' id='word_1_131' title='bbox 1020 2393 1184 2459; x_wconf 88' lang='lat' dir='ltr'><strong>Postbom.</strong></span> 
     </span>
     <span class='ocr_line' id='line_1_19' title="bbox 182 2501 1187 2594; baseline -0.001 -24"><span class='ocrx_word' id='word_1_132' title='bbox 182 2505 247 2570; x_wconf 82' lang='lat'><strong>377</strong></span> <span class='ocrx_word' id='word_1_133' title='bbox 265 2504 379 2569; x_wconf 90' lang='lat' dir='ltr'><strong>codem</strong></span> <span class='ocrx_word' id='word_1_134' title='bbox 394 2504 556 2570; x_wconf 87' lang='lat' dir='ltr'><strong>vocabulo</strong></span> <span class='ocrx_word' id='word_1_135' title='bbox 572 2505 728 2572; x_wconf 86' lang='lat' dir='ltr'><strong>adiectivc</strong></span> <span class='ocrx_word' id='word_1_136' title='bbox 746 2527 807 2594; x_wconf 89' lang='lat' dir='ltr'><strong>pro</strong></span> <span class='ocrx_word' id='word_1_137' title='bbox 825 2501 921 2593; x_wconf 81' lang='grc' dir='ltr'><em>σιμὸς</em></span> <span class='ocrx_word' id='word_1_138' title='bbox 934 2527 1010 2572; x_wconf 89' lang='grc'><strong>0101</strong></span> <span class='ocrx_word' id='word_1_139' title='bbox 1028 2515 1084 2584; x_wconf 86' lang='lat' dir='ltr'><strong>est,</strong></span> <span class='ocrx_word' id='word_1_140' title='bbox 1106 2507 1187 2570; x_wconf 86' lang='lat' dir='ltr'><strong>anti·</strong></span> 
     </span>
     <span class='ocr_line' id='line_1_20' title="bbox 184 2607 1184 2706; baseline 0.003 -26"><span class='ocrx_word' id='word_1_141' title='bbox 184 2618 328 2702; x_wconf 89' lang='lat' dir='ltr'><strong>quiorum</strong></span> <span class='ocrx_word' id='word_1_142' title='bbox 344 2626 424 2704; x_wconf 89' lang='lat' dir='ltr'><strong>puto</strong></span> <span class='ocrx_word' id='word_1_143' title='bbox 440 2626 606 2703; x_wconf 88' lang='lat' dir='ltr'><strong>poetarum</strong></span> <span class='ocrx_word' id='word_1_144' title='bbox 621 2617 796 2705; x_wconf 84' lang='lat' dir='ltr'><strong>exemplum</strong></span> <span class='ocrx_word' id='word_1_145' title='bbox 813 2628 975 2706; x_wconf 84' lang='lat' dir='ltr'><strong>sequutus.</strong></span> <span class='ocrx_word' id='word_1_146' title='bbox 1003 2607 1062 2682; x_wconf 82' lang='lat' dir='ltr'><strong>Vs.</strong></span> <span class='ocrx_word' id='word_1_147' title='bbox 1075 2618 1097 2681; x_wconf 79' lang='lat'><strong>2</strong></span> <span class='ocrx_word' id='word_1_148' title='bbox 1112 2615 1184 2683; x_wconf 93' lang='lat' dir='ltr'><strong>cod.</strong></span> 
     </span>
     <span class='ocr_line' id='line_1_21' title="bbox 182 2719 1186 2817; baseline 0.003 -26"><span class='ocrx_word' id='word_1_149' title='bbox 182 2719 286 2807; x_wconf 74' lang='grc' dir='ltr'><strong>ἄξενε.</strong></span> <span class='ocrx_word' id='word_1_150' title='bbox 319 2719 639 2808; x_wconf 74' lang='grc' dir='ltr'><strong>1οω01101οξἐνε.</strong></span> <span class='ocrx_word' id='word_1_151' title='bbox 673 2730 793 2817; x_wconf 87' lang='lat' dir='ltr'><strong>Scripsi</strong></span> <span class='ocrx_word' id='word_1_152' title='bbox 807 2721 832 2795; x_wconf 83' lang='grc' dir='ltr'><em>ἆ</em></span> <span class='ocrx_word' id='word_1_153' title='bbox 846 2727 925 2810; x_wconf 79' lang='grc' dir='ltr'><strong>ξένε.</strong></span> <span class='ocrx_word' id='word_1_154' title='bbox 958 2730 1007 2796; x_wconf 89' lang='lat' dir='ltr'><strong>lta</strong></span> <span class='ocrx_word' id='word_1_155' title='bbox 1025 2731 1110 2794; x_wconf 89' lang='lat' dir='ltr'><strong>enim</strong></span> <span class='ocrx_word' id='word_1_156' title='bbox 1123 2729 1186 2794; x_wconf 84' lang='lat' dir='ltr'><strong>fre-</strong></span> 
     </span>
     <span class='ocr_line' id='line_1_22' title="bbox 183 2839 1186 2929; baseline 0.002 -25"><span class='ocrx_word' id='word_1_157' title='bbox 183 2849 319 2926; x_wconf 87' lang='lat' dir='ltr'><strong>quenter</strong></span> <span class='ocrx_word' id='word_1_158' title='bbox 340 2849 456 2926; x_wconf 88' lang='lat' dir='ltr'><strong>poetae</strong></span> <span class='ocrx_word' id='word_1_159' title='bbox 480 2843 748 2929; x_wconf 82' lang='lat' dir='ltr'><strong>epigrammatarii‚</strong></span> <span class='ocrx_word' id='word_1_160' title='bbox 771 2844 865 2907; x_wconf 88' lang='lat' dir='ltr'><strong>etiarn</strong></span> <span class='ocrx_word' id='word_1_161' title='bbox 886 2841 943 2906; x_wconf 92' lang='lat' dir='ltr'><strong>ubi</strong></span> <span class='ocrx_word' id='word_1_162' title='bbox 960 2839 1068 2906; x_wconf 93' lang='lat' dir='ltr'><strong>nullus</strong></span> <span class='ocrx_word' id='word_1_163' title='bbox 1090 2840 1186 2906; x_wconf 91' lang='lat' dir='ltr'><strong>admi-</strong></span> 
     </span>
     <span class='ocr_line' id='line_1_23' title="bbox 182 2950 1185 3034; baseline 0.003 -19"><span class='ocrx_word' id='word_1_164' title='bbox 182 2954 300 3017; x_wconf 88' lang='lat' dir='ltr'><strong>rationi</strong></span> <span class='ocrx_word' id='word_1_165' title='bbox 314 2950 367 3016; x_wconf 89' lang='lat' dir='ltr'><strong>vel</strong></span> <span class='ocrx_word' id='word_1_166' title='bbox 382 2950 488 3016; x_wconf 88' lang='lat' dir='ltr'><strong>dolori</strong></span> <span class='ocrx_word' id='word_1_167' title='bbox 503 2950 594 3018; x_wconf 93' lang='lat' dir='ltr'><strong>locus</strong></span> <span class='ocrx_word' id='word_1_168' title='bbox 612 2963 668 3034; x_wconf 73' lang='lat' dir='ltr'><strong>est</strong></span> <span class='ocrx_word' id='word_1_169' title='bbox 684 2977 711 3019; x_wconf 89' lang='lat' dir='ltr'><strong>e.</strong></span> <span class='ocrx_word' id='word_1_170' title='bbox 725 2977 751 3019; x_wconf 93' lang='lat' dir='ltr'><strong>c.</strong></span> <span class='ocrx_word' id='word_1_171' title='bbox 767 2954 862 3018; x_wconf 83' lang='lat' dir='ltr'><strong>Anth.</strong></span> <span class='ocrx_word' id='word_1_172' title='bbox 878 2952 967 3018; x_wconf 89' lang='lat' dir='ltr'><strong>Plan.</strong></span> <span class='ocrx_word' id='word_1_173' title='bbox 984 2950 1033 3019; x_wconf 81' lang='lat' dir='ltr'><strong>ed.</strong></span> <span class='ocrx_word' id='word_1_174' title='bbox 1047 2956 1116 3018; x_wconf 89' lang='lat' dir='ltr'><strong>Jac.</strong></span> <span class='ocrx_word' id='word_1_175' title='bbox 1128 2953 1185 3033; x_wconf 88' lang='lat' dir='ltr'><strong>IV,</strong></span> 
     </span>
     <span class='ocr_line' id='line_1_24' title="bbox 181 3054 1184 3154; baseline 0.002 -26"><span class='ocrx_word' id='word_1_176' title='bbox 181 3066 247 3128; x_wconf 77' lang='lat'><strong>211</strong></span> <span class='ocrx_word' id='word_1_177' title='bbox 270 3059 396 3146; x_wconf 80' lang='grc' dir='ltr'><strong><em>ἀτηρῆς</em></strong></span> <span class='ocrx_word' id='word_1_178' title='bbox 416 3054 441 3128; x_wconf 83' lang='grc' dir='ltr'><em>ἆ</em></span> <span class='ocrx_word' id='word_1_179' title='bbox 462 3067 554 3141; x_wconf 79' lang='grc' dir='ltr'><strong><em>τέκος</em></strong></span> <span class='ocrx_word' id='word_1_180' title='bbox 572 3062 804 3153; x_wconf 83' lang='grc' dir='ltr'><strong>Ἀφρογενοῦς.</strong></span> <span class='ocrx_word' id='word_1_181' title='bbox 840 3063 1051 3130; x_wconf 85' lang='lat' dir='ltr'><strong>Dioscorides</strong></span> <span class='ocrx_word' id='word_1_182' title='bbox 1074 3066 1184 3154; x_wconf 82' lang='lat' dir='ltr'><strong>Epigr.</strong></span> 
     </span>
     <span class='ocr_line' id='line_1_25' title="bbox 181 3164 1185 3266; baseline 0.002 -27"><span class='ocrx_word' id='word_1_183' title='bbox 181 3176 301 3253; x_wconf 70' lang='lat' dir='ltr'><strong>illue</strong></span> <span class='ocrx_word' id='word_1_184' title='bbox 324 3164 348 3238; x_wconf 86' lang='grc' dir='ltr'><em>ἆ</em></span> <span class='ocrx_word' id='word_1_185' title='bbox 368 3170 541 3262; x_wconf 82' lang='grc' dir='ltr'><strong><em>πρόπατορ</em></strong></span> <span class='ocrx_word' id='word_1_186' title='bbox 558 3177 631 3242; x_wconf 80' lang='grc' dir='ltr'><strong>Ζεῦ.</strong></span> <span class='ocrx_word' id='word_1_187' title='bbox 666 3177 739 3262; x_wconf 93' lang='lat' dir='ltr'><strong>lpse</strong></span> <span class='ocrx_word' id='word_1_188' title='bbox 753 3174 915 3241; x_wconf 89' lang='lat' dir='ltr'><strong>Leonidas</strong></span> <span class='ocrx_word' id='word_1_189' title='bbox 937 3165 1048 3266; x_wconf 77' lang='lat' dir='ltr'><strong>Epigr.</strong></span> <span class='ocrx_word' id='word_1_190' title='bbox 1063 3177 1185 3255; x_wconf 81' lang='lat' dir='ltr'><strong>L1V‚2</strong></span> 
     </span>
     <span class='ocr_line' id='line_1_26' title="bbox 182 3275 1184 3377; baseline 0.002 -26"><span class='ocrx_word' id='word_1_191' title='bbox 182 3275 354 3353; x_wconf 72' lang='lat' dir='ltr'><strong>cudraed</strong></span> <span class='ocrx_word' id='word_1_192' title='bbox 375 3287 473 3376; x_wconf 78' lang='grc' dir='ltr'><strong><em>φίλος</em></strong></span> <span class='ocrx_word' id='word_1_193' title='bbox 495 3288 671 3372; x_wconf 72' lang='grc' dir='ltr'><strong><em>αὶγίβοσιν.</em></strong></span> <span class='ocrx_word' id='word_1_194' title='bbox 704 3287 774 3355; x_wconf 87' lang='lat' dir='ltr'><strong>Cfr.</strong></span> <span class='ocrx_word' id='word_1_195' title='bbox 796 3288 939 3353; x_wconf 83' lang='lat' dir='ltr'><strong>Rbianus</strong></span> <span class='ocrx_word' id='word_1_196' title='bbox 954 3288 1065 3377; x_wconf 81' lang='lat' dir='ltr'><strong>Epigr.</strong></span> <span class='ocrx_word' id='word_1_197' title='bbox 1081 3288 1139 3368; x_wconf 87' lang='lat' dir='ltr'><strong>IV,</strong></span> <span class='ocrx_word' id='word_1_198' title='bbox 1154 3291 1184 3353; x_wconf 88' lang='grc'><strong>6.</strong></span> 
     </span>
     <span class='ocr_line' id='line_1_27' title="bbox 184 3396 1186 3485; baseline 0.004 -23"><span class='ocrx_word' id='word_1_199' title='bbox 184 3400 266 3462; x_wconf 90' lang='lat' dir='ltr'><strong>Tum</strong></span> <span class='ocrx_word' id='word_1_200' title='bbox 282 3396 354 3462; x_wconf 88' lang='lat' dir='ltr'><strong>cod.</strong></span> <span class='ocrx_word' id='word_1_201' title='bbox 368 3399 581 3483; x_wconf 80' lang='grc' dir='ltr'><strong>παρολκίὸαν.</strong></span> <span class='ocrx_word' id='word_1_202' title='bbox 614 3399 653 3464; x_wconf 89' lang='grc'><strong>10</strong></span> <span class='ocrx_word' id='word_1_203' title='bbox 675 3399 810 3464; x_wconf 84' lang='grc' dir='ltr'><em>ολκιδαν</em></span> <span class='ocrx_word' id='word_1_204' title='bbox 832 3397 909 3485; x_wconf 94' lang='lat' dir='ltr'><strong>quid</strong></span> <span class='ocrx_word' id='word_1_205' title='bbox 931 3397 1029 3465; x_wconf 87' lang='lat' dir='ltr'><strong>lateat</strong></span> <span class='ocrx_word' id='word_1_206' title='bbox 1045 3421 1113 3466; x_wconf 89' lang='lat' dir='ltr'><strong>non</strong></span> <span class='ocrx_word' id='word_1_207' title='bbox 1129 3398 1186 3466; x_wconf 92' lang='lat' dir='ltr'><strong>du-</strong></span> 
     </span>
     <span class='ocr_line' id='line_1_28' title="bbox 181 3507 1185 3597; baseline 0.004 -24"><span class='ocrx_word' id='word_1_208' title='bbox 181 3507 252 3574; x_wconf 90' lang='lat' dir='ltr'><strong>bito</strong></span> <span class='ocrx_word' id='word_1_209' title='bbox 275 3511 352 3594; x_wconf 90' lang='lat' dir='ltr'><strong>quin</strong></span> <span class='ocrx_word' id='word_1_210' title='bbox 373 3511 533 3574; x_wconf 87' lang='lat' dir='ltr'><strong>acutiores</strong></span> <span class='ocrx_word' id='word_1_211' title='bbox 555 3513 714 3597; x_wconf 90' lang='lat' dir='ltr'><strong>reperturi</strong></span> <span class='ocrx_word' id='word_1_212' title='bbox 735 3513 807 3575; x_wconf 85' lang='lat' dir='ltr'><strong>sint.</strong></span> <span class='ocrx_word' id='word_1_213' title='bbox 844 3510 1017 3579; x_wconf 81' lang='lat' dir='ltr'><strong>Jacobsius</strong></span> <span class='ocrx_word' id='word_1_214' title='bbox 1043 3512 1185 3578; x_wconf 86' lang='lat' dir='ltr'><strong>tentabat</strong></span> 
     </span>
    </p>
   </div>
   <div class='ocr_carea' id='block_1_4' title="bbox 2 3614 1184 3712">
    <p class='ocr_par' dir='ltr' id='par_1_6' title="bbox 2 3614 1184 3712">
     <span class='ocr_line' id='line_1_29' title="bbox 2 3614 1184 3712; baseline 0.009 -33"><span class='ocrx_word' id='word_1_215' title='bbox 2 3618 6 3666; x_wconf 72' lang='lat' dir='ltr'><strong>t</strong></span> <span class='ocrx_word' id='word_1_216' title='bbox 63 3694 65 3698; x_wconf 11' lang='lat' dir='ltr'>y</span> <span class='ocrx_word' id='word_1_217' title='bbox 181 3614 345 3706; x_wconf 79' lang='grc' dir='ltr'><strong>ῥαχάὸων.</strong></span> <span class='ocrx_word' id='word_1_218' title='bbox 396 3619 598 3686; x_wconf 88' lang='lat' dir='ltr'><strong>Vocabulum</strong></span> <span class='ocrx_word' id='word_1_219' title='bbox 625 3616 846 3708; x_wconf 74' lang='grc' dir='ltr'><strong>βαθύσχινος,</strong></span> <span class='ocrx_word' id='word_1_220' title='bbox 875 3623 963 3710; x_wconf 92' lang='lat' dir='ltr'><strong>quod</strong></span> <span class='ocrx_word' id='word_1_221' title='bbox 991 3627 1184 3712; x_wconf 82' lang='lat' dir='ltr'><strong>aptissimum</strong></span> 
     </span>
    </p>
   </div>
   <div class='ocr_carea' id='block_1_5' title="bbox 180 3730 1185 4158">
    <p class='ocr_par' dir='ltr' id='par_1_7' title="bbox 180 3730 1185 4023">
     <span class='ocr_line' id='line_1_30' title="bbox 181 3730 1184 3822; baseline 0.007 -27"><span class='ocrx_word' id='word_1_222' title='bbox 181 3730 341 3810; x_wconf 87' lang='lat' dir='ltr'><strong>locorum,</strong></span> <span class='ocrx_word' id='word_1_223' title='bbox 369 3733 404 3795; x_wconf 93' lang='lat' dir='ltr'><strong>in</strong></span> <span class='ocrx_word' id='word_1_224' title='bbox 432 3731 547 3818; x_wconf 93' lang='lat' dir='ltr'><strong>quibus</strong></span> <span class='ocrx_word' id='word_1_225' title='bbox 570 3754 685 3819; x_wconf 88' lang='lat' dir='ltr'><strong>caprae</strong></span> <span class='ocrx_word' id='word_1_226' title='bbox 707 3743 896 3819; x_wconf 90' lang='lat' dir='ltr'><strong>pascuntur,</strong></span> <span class='ocrx_word' id='word_1_227' title='bbox 927 3736 1091 3822; x_wconf 88' lang='lat' dir='ltr'><strong>epitheton</strong></span> <span class='ocrx_word' id='word_1_228' title='bbox 1114 3757 1184 3802; x_wconf 89' lang='lat' dir='ltr'><strong>csse</strong></span> 
     </span>
     <span class='ocr_line' id='line_1_31' title="bbox 180 3841 1185 3930; baseline 0.006 -23"><span class='ocrx_word' id='word_1_229' title='bbox 180 3841 316 3928; x_wconf 86' lang='lat' dir='ltr'><strong>Eupolis</strong></span> <span class='ocrx_word' id='word_1_230' title='bbox 339 3842 511 3930; x_wconf 70' lang='lat' dir='ltr'><strong>Capr.1,⁴l</strong></span> <span class='ocrx_word' id='word_1_231' title='bbox 535 3853 568 3909; x_wconf 91' lang='lat' dir='ltr'><strong>et</strong></span> <span class='ocrx_word' id='word_1_232' title='bbox 583 3845 744 3910; x_wconf 83' lang='lat' dir='ltr'><strong>Theocrit.</strong></span> <span class='ocrx_word' id='word_1_233' title='bbox 760 3846 801 3925; x_wconf 89' lang='lat' dir='ltr'><strong>V,</strong></span> <span class='ocrx_word' id='word_1_234' title='bbox 820 3847 883 3912; x_wconf 80' lang='lat'><strong>128</strong></span> <span class='ocrx_word' id='word_1_235' title='bbox 906 3845 1033 3926; x_wconf 86' lang='lat' dir='ltr'><strong>docent,</strong></span> <span class='ocrx_word' id='word_1_236' title='bbox 1056 3846 1096 3912; x_wconf 87' lang='lat' dir='ltr'><strong>ab</strong></span> <span class='ocrx_word' id='word_1_237' title='bbox 1119 3846 1185 3913; x_wconf 93' lang='lat' dir='ltr'><strong>edi-</strong></span> 
     </span>
     <span class='ocr_line' id='line_1_32' title="bbox 182 3952 865 4023; baseline 0.003 -5"><span class='ocrx_word' id='word_1_238' title='bbox 182 3952 306 4019; x_wconf 85' lang='lat' dir='ltr'><strong>toribus</strong></span> <span class='ocrx_word' id='word_1_239' title='bbox 330 3953 488 4020; x_wconf 86' lang='lat' dir='ltr'><strong>Thesauri</strong></span> <span class='ocrx_word' id='word_1_240' title='bbox 508 3957 546 4021; x_wconf 87' lang='lat' dir='ltr'><strong>L.</strong></span> <span class='ocrx_word' id='word_1_241' title='bbox 570 3956 611 4023; x_wconf 92' lang='lat' dir='ltr'><strong>G.</strong></span> <span class='ocrx_word' id='word_1_242' title='bbox 635 3959 785 4022; x_wconf 91' lang='lat' dir='ltr'><strong>omissum</strong></span> <span class='ocrx_word' id='word_1_243' title='bbox 808 3966 865 4022; x_wconf 87' lang='lat' dir='ltr'><strong>est.</strong></span> 
     </span>
    </p>

    <p class='ocr_par' dir='ltr' id='par_1_8' title="bbox 269 4062 1184 4158">
     <span class='ocr_line' id='line_1_33' title="bbox 269 4062 1184 4158; baseline 0.005 -26"><span class='ocrx_word' id='word_1_244' title='bbox 269 4065 387 4132; x_wconf 89' lang='lat' dir='ltr'><strong>CVHl.</strong></span> <span class='ocrx_word' id='word_1_245' title='bbox 425 4068 484 4133; x_wconf 86' lang='lat' dir='ltr'><strong>Vs.</strong></span> <span class='ocrx_word' id='word_1_246' title='bbox 506 4070 523 4134; x_wconf 98' lang='lat' dir='ltr'><strong>l</strong></span> <span class='ocrx_word' id='word_1_247' title='bbox 554 4062 668 4157; x_wconf 83' lang='grc' dir='ltr'><em>Δώρου</em></span> <span class='ocrx_word' id='word_1_248' title='bbox 689 4071 783 4154; x_wconf 73' lang='grc' dir='ltr'><strong><em>γένος</em></strong></span> <span class='ocrx_word' id='word_1_249' title='bbox 803 4068 974 4154; x_wconf 84' lang='lat' dir='ltr'><strong>Nymphae</strong></span> <span class='ocrx_word' id='word_1_250' title='bbox 995 4073 1105 4136; x_wconf 89' lang='lat' dir='ltr'><strong>vocari</strong></span> <span class='ocrx_word' id='word_1_251' title='bbox 1126 4091 1184 4158; x_wconf 95' lang='lat' dir='ltr'><strong>po-</strong></span> 
     </span>
    </p>
   </div>
   <div class='ocr_carea' id='block_1_6' title="bbox 0 0 1518 4816">
    <p class='ocr_par' dir='ltr' id='par_1_9' title="bbox 0 0 1518 4816">
     <span class='ocr_line' id='line_1_34' title="bbox 0 0 1518 4816; baseline 0 0"><span class='ocrx_word' id='word_1_252' title='bbox 0 0 1518 4816; x_wconf 95' lang='lat' dir='ltr'><strong> </strong></span> 
     </span>
    </p>
   </div>
  </div>
 </body>
</html>
