3028 4826
997 370 1008 404 δ

523 473 841 535 conmortuus.
1132 475 1183 532 189

182 630 231 694 lta
251 649 328 695 vere
358 630 475 714 opinor
497 628 669 694 Jacobsius
697 629 834 692 correxit
859 628 942 691 vs.l
971 623 1043 691 cod.
1071 623 1183 691 lectio-

185 762 258 805 nem
286 738 404 806 εἴδεται
431 731 550 804 ὅσσων.
593 741 707 827 Neque
728 758 807 803 vero
836 739 870 802 in
896 737 959 801 hoc
981 737 1182 823 acquiescere

183 850 324 917 debebat
344 853 395 915 vir
417 853 573 939 egregins.
617 851 699 915 Mihi
721 831 846 936 quidem
867 849 1037 935 permirum
1057 847 1183 913 videtur

183 983 244 1027 neo
271 983 390 1026 nomen
418 964 512 1026 amati
540 965 633 1048 pueri
662 984 680 1026 a
709 970 806 1048 poeta
837 981 906 1025 esse
929 962 1123 1046 appositum,
1151 971 1184 1024 et

184 1095 255 1139 eum
277 1076 331 1159 qui
352 1072 520 1140 insidiatur
534 1073 581 1137 illi
597 1082 629 1138 et
642 1075 748 1160 ipsum
766 1070 921 1158 appellari
942 1072 1071 1157 κοῦρον.
1105 1071 1182 1156 Quo

183 1184 307 1250 accedit
335 1183 423 1270 quod
450 1182 648 1276 ἀμφοτέρων
676 1182 797 1249 nullam
819 1181 915 1269 plane
937 1181 1097 1247 hocloco
1118 1182 1182 1244 vim

183 1296 281 1361 habet
303 1305 335 1360 et
356 1294 453 1382 plane
474 1299 559 1362 iners
583 1293 750 1361 oculorum
772 1295 936 1382 epitheton
959 1303 1016 1359 est.
1057 1293 1116 1357 His
1138 1295 1184 1357 in-

184 1407 358 1473 commodis
380 1409 459 1473 haec
481 1406 625 1472 medetur
648 1405 843 1471 emendatio:

230 1513 291 1599 Μὴ
314 1513 358 1584 σύ.
368 1543 404 1602 γε
426 1515 503 1604 μηδ’
519 1517 548 1583 εἴ
561 1543 612 1585 τοι
626 1511 711 1583 πολὺ
727 1519 883 1608 φέρτερος
897 1513 987 1582 εἴδετ’
1003 1512 1060 1580 ἀπ’
1075 1509 1184 1580 ὅσσων

268 1623 475 1721 Ἀμφοτερὸς
496 1632 636 1708 κλεινοῦ,
658 1630 748 1715 Κῦρε
755 1677 763 1708 ,
787 1630 1055 1714 Μεγιστοκλέους.

184 1745 236 1808 De
264 1744 393 1806 nomine
412 1736 619 1830 Ἀμφοτερός
644 1764 675 1805 v.
697 1740 856 1805 Plutarch.
885 1741 969 1806 Mor.
998 1763 1031 1825 p.
1056 1739 1118 1804 177
1140 1737 1183 1803 F.

183 1852 405 1940 Herodianum·
423 1852 509 1939 apud
531 1850 637 1918 Schol.
659 1853 776 1917 Venet.
799 1851 840 1916 ad
854 1850 944 1916 Iliad.
967 1845 1000 1915 π’
1015 1852 1089 1916 415.
1119 1847 1185 1913 nr-

183 1965 282 2028 rhian.
306 1962 408 2028 Auab.
431 1964 484 2043 ΙΙΙ,
507 1967 537 2043 2,
559 1966 580 2028 8
602 1964 734 2049 aliisque
751 1963 847 2028 locis.
891 1961 972 2049 Cyri
994 1983 1122 2041 nomen,
1143 1939 1183 2025 ab

183 2076 361 2141 Atticorum
383 2098 444 2140 usu
466 2075 611 2154 alienum,
633 2074 865 2141 recentioribus
882 2075 1015 2140 Graecis
1037 2075 1184 2160 frequen-

183 2196 282 2252 tatum
316 2187 413 2250 fuisse
443 2185 539 2252 docet
565 2196 693 2273 praeter
728 2185 809 2252 alios
837 2188 962 2272 Fronto
990 2184 1087 2250 Anth.
1116 2182 1183 2248 Pal.

183 2299 258 2378 Xll,
282 2301 356 2364 171.
407 2297 455 2362 Ac
476 2298 537 2363 fuit
560 2301 653 2362 etiam
675 2308 772 2392 poeta
800 2299 892 2362 huius
915 2300 1065 2378 nominis,
1095 2299 1183 2361 cuius

128 2401 131 2406 ¹
184 2412 344 2498 poematia
367 2413 546 2496 composuit
567 2410 746 2475 Brunckius
762 2409 855 2473 Anal.
871 2411 909 2489 ΙΙ,
925 2433 956 2496 p.
972 2389 1046 2475 454.
1076 2410 1182 2472 Versu

184 2525 277 2587 tertio
300 2543 377 2587 vere
400 2524 516 2608 opinor
536 2521 716 2587 Brunckius
739 2506 873 2609 scripsit¹
886 2514 1127 2611 ἀμφιδοκεύοις.

584 2677 784 2696 -ώ

471 2830 661 2882 snnorunns
679 2831 830 2900 rancun,
849 2827 892 2881 14.

266 2941 418 3032 Ἀργεῖος
440 2937 570 3022 Δάνδης
592 2940 831 3032 σταδιοδρόμος
852 2937 977 3008 ἐνθάδε
998 2949 1110 3020 κεῖται,

270 3057 378 3131 νίκαις
399 3049 583 3138 ἱππόβοτον
603 3051 734 3142 πατρίδ’
753 3057 965 3133 ἐπευκλεΐσας,

267 3164 430 3252 Ὀλυμπία
452 3165 516 3245 δὶς,
538 3170 573 3231 ἐν
595 3165 630 3231 δὲ
652 3167 798 3232 Πυθῶνι
817 3169 903 3257 τρία,

272 3273 338 3342 δύω
361 3273 390 3341 δ’
410 3281 446 3342 ἐν
464 3274 614 3361 Ἰσθμοῖ,
635 3279 865 3344 πεντεκαίδεκα
885 3281 1008 3363 Νεμέα.

270 3381 331 3464 τοῖς
353 3385 383 3452 δ’
405 3381 508 3463 ἄλλας
529 3390 622 3466 νίκας
643 3385 702 3455 οὐκ
723 3387 860 3477 εὐμαρές
881 3386 947 3454 ἐστ’
966 3383 1166 3478 ἀριθμῆσαι.

183 3525 240 3587 Vs.
257 3525 278 3587 4
299 3520 367 3586 Pal.
386 3518 531 3606 Ἰσθμοί.
564 3523 775 3590 scribendum
791 3521 930 3610 Ἰσθμῷ,
952 3544 1020 3588 non
1038 3519 1182 3608 Ἰσθμοῖ,

183 3633 271 3721 quod
292 3655 360 3699 non
381 3635 444 3697 nisi
466 3633 690 3700 adverbialiter
712 3636 835 3702 dicitur.
885 3635 973 3702 Male
994 3635 1182 3702 Schaeferus

183 3753 346 3831 comparat
374 3744 462 3831 quod
490 3748 608 3831 passim
630 3745 719 3835 legas
741 3753 777 3814 ἐν
798 3749 934 3827 Πυθοῖ,
963 3746 1050 3834 quod
1075 3749 1183 3811 rectis-

182 3859 260 3922 sime
289 3856 407 3921 dictum
436 3865 493 3920 est.
543 3857 754 3925 Recentiores
776 3863 805 3925 si
833 3859 961 3947 quando
991 3863 1026 3924 tv
1046 3854 1183 3941 Ἰσθμοῖ

184 3967 343 4048 dixerunt,
365 3969 511 4034 iecerunt
532 3968 566 4034 id
587 3973 660 4056 ipso
683 3971 742 4037 illo
765 3977 800 4038 tr
820 3973 943 4038 Πυθοῖ
964 3970 1100 4056 decepti.
1144 3969 1183 4033 ln

182 4079 248 4146 fine
272 4081 414 4148 eiusdem
428 4102 540 4147 vorsus
562 4081 744 4149 revocanda
764 4084 862 4150 lectio
881 4082 953 4148 cod.
968 4078 1179 4149 πεντεκαίδεκ’
