3016 4808
353 473 389 530 66
534 480 537 485 ’
734 478 978 528 emmor

352 769 547 855 Δαμομένης
568 766 588 835 6
605 764 753 858 χοραγὸς
775 767 794 837 6
816 763 877 837 τὸν
897 765 1040 858 τρέποδ,
1062 757 1089 834 ὦ
1110 767 1256 853 Διόνυσε,

334 935 337 942 ,
396 881 453 947 καὶ
475 882 511 948 σέ
532 874 594 947 τὸν
614 875 753 948 ἅδιστον
773 882 868 948 θεῶν
888 874 1047 969 μακάρων
1068 876 1220 965 ἀναθείς,

351 993 483 1080 μέτριος
505 981 547 1072 ἦν
568 997 604 1059 έν
624 993 722 1058 παισί
729 1012 738 1031 ·
756 993 850 1081 χορῷ
871 989 901 1059 δ’
928 987 1089 1073 ἐκτήσατο
1111 994 1208 1061 νίκαν

395 1099 541 1191 ἀνδρῶν,
562 1105 618 1170 καὶ
640 1096 680 1169 τὰ
702 1097 806 1171 καλὸν
826 1105 884 1172 καὶ
904 1097 943 1170 τὸ
964 1107 1135 1192 προσῆκον
1156 1103 1253 1196 ὁρῶν.

834 1251 874 1316 Χ.

349 1356 392 1423 ‘A
412 1354 542 1448 Κύπρις
563 1357 604 1428 06
624 1356 814 1447 πάνδαμος·
835 1354 968 1427 ὶλᾶσκεο
989 1353 1054 1427 τάν
1073 1354 1162 1429 θεὸν
1183 1358 1282 1430 εἰπών

397 1467 572 1558 ου’ρανέαν,
595 1469 700 1557 ἀγνάς
721 1467 858 1559 ἀνθεμα
883 1466 1103 1562 Χρυσογόνας

352 1579 430 1665 οἴκῳ
452 1587 488 1648 έν
506 1579 737 1674 Ἀμφικλέους,
765 1575 791 1668 ᾧ
813 1585 870 1649 καὶ
890 1587 988 1650 τέκνα
1009 1585 1065 1650 καὶ
1085 1584 1164 1670 βίον
1185 1585 1276 1670 έσχεν

397 1688 511 1772 ξννόν·
534 1690 586 1761 ἀεὶ
610 1695 644 1760 δέ
667 1716 749 1786 σφιν
770 1689 871 1762 λώϊον
892 1699 937 1770 εὶς
958 1696 1031 1772 έτος
1052 1684 1095 1776 ἦν

353 1809 388 1869 έκ
410 1807 513 1871 σέθεν
535 1801 744 1895 ἀρχομένοις,
766 1795 793 1871 ὦ
813 1801 942 1872 πότνια.
964 1801 1141 1892 κηδόμενοι
1160 1802 1225 1896 γάρ

397 1911 583 1983 ἀθανάτων
605 1914 702 1985 αὐτοὶ
722 1918 837 1984 πλεῖον
858 1917 967 2003 έχουσι
986 1917 1113 2007 βροτοί.

813 2063 895 2129 *XL

351 2174 386 2240 Γ
381 2170 531 2263 νώσομαι
552 2171 582 2242 εἲ
600 2197 634 2241 τι
653 2178 761 2261 νέμεις
782 2172 932 2261 ἀγαθοῖς
954 2175 1055 2240 πλέον
1080 2168 1103 2254 ἢ
1129 2177 1186 2243 καὶ
1207 2172 1227 2244 6
1250 2170 1357 2255 δειλός

395 2291 431 2351 ὲκ
453 2288 556 2353 σέθεν
578 2281 733 2364 ὡσαύτως
752 2280 827 2351 ἴσον
848 2281 991 2374 ὁδοιπόρ
1017 2286 1090 2371 ἔχει.

346 2402 488 2487 χαιρέτω
511 2388 608 2474 οὗτος
629 2394 648 2463 6
670 2392 808 2486 τύμβος,
833 2401 930 2486 έρεῖς,
952 2399 1022 2463 ἐπεὶ
1043 2393 1292 2486 Εὐρυμέδοντος

395 2517 498 2576 κεῖται
519 2509 579 2590 τῆς
600 2509 691 2597 ἱερῆς
711 2509 837 2600 κοῦφος
857 2504 938 2597 ὑπὲρ
960 2508 1115 2601 κεφαλῆς.

803 2654 901 2720 *le

351 2763 485 2849 Νήπιον
505 2760 589 2835 υἱὸν·
601 2768 738 2845 ἔλειπες·
763 2771 800 2834 ὲν
821 2764 934 2852 ἡλικία
956 2766 1069 2833 δὲκαὶ
1091 2761 1200 2846 αὐτός,

394 2875 599 2968 Εάράμέδον,
621 2873 748 2965 τύμβου
769 2878 865 2944 τοῦδε
886 2864 1008 2944 θανὼν
1029 2879 1145 2964 έτυχες.

351 2993 406 3058 σοὶ
426 2993 487 3080 μὲν
508 2990 586 3078 ἕδρη
607 2991 734 3056 θεέοισι
754 2986 818 3075 μετ’
845 2985 1001 3079 ἀνδράσι·
1022 2982 1083 3055 τὸν
1105 2990 1139 3055 δὲ
1160 2991 1294 3058 πολῖται

393 3101 598 3189 τιμασεῦντι,
619 3094 746 3192 πατρὸς
766 3095 931 3189 μνώμενοι
953 3097 996 3178 ὡς
1017 3097 1165 3186 ἀγαθοῦ.

809 3248 894 3314 XIII.

442 3359 553 3426 Θάσαι
575 3351 634 3426 τάν
656 3354 840 3448 ἀνδριάντα
860 3359 994 3440 τοῦτον,
1017 3347 1044 3423 ὦ
1065 3355 1145 3438 ξένε,

502 3471 632 3555 σπουδᾷ
652 3472 709 3537 καὶ
730 3468 797 3556 λέγ’
824 3464 907 3537 έπάν
928 3474 962 3546 ές
984 3466 1076 3536 οἶκον
1097 3469 1212 3561 ένθρς·

434 3579 672 3671 Ἀνακρέοντος
694 3578 785 3649 εἰκόν’
813 3580 901 3650 εἶδον
926 3587 962 3647 έν
989 3583 1068 3666 Τέῳ,

499 3693 566 3760 τῶν
587 3688 710 3782 πρόσθ’
737 3692 767 3761 εἴ
785 3718 818 3760 τι
838 3685 996 3783 περισσὸν
1017 3689 1198 3777 ᾠδοποιάν.

419 3918 466 3977 IX.
489 3917 544 3975 Pal.
557 3919 611 3989 Vl,
627 3923 688 3978 3³9.
709 3919 914 3987 V8.26'16mor
936 3918 985 3978 Vs.
999 3923 1018 3976 3
1034 3927 1107 3993 νίκην
1125 3913 1158 3964 -2
1180 3919 1214 3976 X.
1237 3915 1293 3976 Pal.
1307 3916 1355 3989 VI,

348 4009 470 4149 6¹60&
483 4004 532 4063 XI.
554 4003 611 4064 Pal.
624 4005 688 4078 VH,
705 4009 766 4066 658.
787 4037 819 4050 -
842 4004 1129 4077 X11.PaLV11‚659.
1148 4040 1182 4050 -
1204 4003 1276 4063 Xlll.
1297 4002 1354 4063 Pal.

392 4134 401 4164 ,
472 4136 478 4148 .
