<?xml version="1.0" encoding="UTF-8"?>
<!DOCTYPE html PUBLIC "-//W3C//DTD XHTML 1.0 Transitional//EN"
    "http://www.w3.org/TR/xhtml1/DTD/xhtml1-transitional.dtd">
<html xmlns="http://www.w3.org/1999/xhtml" xml:lang="en" lang="en">
 <head>
  <title>
</title>
<meta http-equiv="Content-Type" content="text/html;charset=utf-8" />
  <meta name='ocr-system' content='tesseract 3.04.00' />
  <meta name='ocr-capabilities' content='ocr_page ocr_carea ocr_par ocr_line ocrx_word'/>
</head>
<body>
  <div class='ocr_page' id='page_1' title='image "./delectuspoetaru00meingoog_0204.png"; bbox 0 0 3028 4826; ppageno 0'>
   <div class='ocr_carea' id='block_1_1' title="bbox 504 462 1167 524">
    <p class='ocr_par' dir='ltr' id='par_1_1' title="bbox 504 462 1167 524">
     <span class='ocr_line' id='line_1_1' title="bbox 504 462 1167 524; baseline 0 0"><span class='ocrx_word' id='word_1_1' title='bbox 504 462 823 524; x_wconf 68' lang='lat' dir='ltr'><strong>comacinam.</strong></span> <span class='ocrx_word' id='word_1_2' title='bbox 1115 469 1167 524; x_wconf 82' lang='lat'><strong>179</strong></span> 
     </span>
    </p>
   </div>
   <div class='ocr_carea' id='block_1_2' title="bbox 44 608 1166 708">
    <p class='ocr_par' dir='ltr' id='par_1_2' title="bbox 44 608 1166 708">
     <span class='ocr_line' id='line_1_2' title="bbox 44 608 1166 708; baseline 0.003 -27"><span class='ocrx_word' id='word_1_3' title='bbox 44 615 46 620; x_wconf 74' lang='grc'><strong><em>’</em></strong></span> <span class='ocrx_word' id='word_1_4' title='bbox 161 611 203 682; x_wconf 77' lang='grc' dir='ltr'><strong>σά</strong></span> <span class='ocrx_word' id='word_1_5' title='bbox 224 610 254 681; x_wconf 90' lang='grc' dir='ltr'><strong>δ’</strong></span> <span class='ocrx_word' id='word_1_6' title='bbox 274 608 316 696; x_wconf 83' lang='grc' dir='ltr'><strong>ἢν</strong></span> <span class='ocrx_word' id='word_1_7' title='bbox 337 612 396 680; x_wconf 79' lang='grc' dir='ltr'><strong>ἀπ’</strong></span> <span class='ocrx_word' id='word_1_8' title='bbox 416 620 504 701; x_wconf 81' lang='grc' dir='ltr'><em>ἐμεῖο</em></span> <span class='ocrx_word' id='word_1_9' title='bbox 527 616 688 708; x_wconf 68' lang='grc' dir='ltr'><strong><em>λιασθῇς,</em></strong></span> <span class='ocrx_word' id='word_1_10' title='bbox 711 615 751 682; x_wconf 86' lang='lat' dir='ltr'><strong>de</strong></span> <span class='ocrx_word' id='word_1_11' title='bbox 774 635 838 702; x_wconf 88' lang='lat' dir='ltr'><strong>quo</strong></span> <span class='ocrx_word' id='word_1_12' title='bbox 861 614 963 682; x_wconf 83' lang='lat' dir='ltr'><strong>verbo</strong></span> <span class='ocrx_word' id='word_1_13' title='bbox 984 616 1060 682; x_wconf 84' lang='lat' dir='ltr'><strong>vide</strong></span> <span class='ocrx_word' id='word_1_14' title='bbox 1074 618 1166 684; x_wconf 80' lang='lat' dir='ltr'><strong>Butt</strong></span> 
     </span>
    </p>
   </div>
   <div class='ocr_carea' id='block_1_3' title="bbox 160 728 694 816">
    <p class='ocr_par' dir='ltr' id='par_1_3' title="bbox 160 728 694 816">
     <span class='ocr_line' id='line_1_3' title="bbox 160 728 694 816; baseline -0.004 -22"><span class='ocrx_word' id='word_1_15' title='bbox 160 749 310 794; x_wconf 89' lang='lat' dir='ltr'><strong>mannum</strong></span> <span class='ocrx_word' id='word_1_16' title='bbox 330 728 431 794; x_wconf 82' lang='lat' dir='ltr'><strong>Lexil.</strong></span> <span class='ocrx_word' id='word_1_17' title='bbox 453 728 483 808; x_wconf 91' lang='grc' dir='ltr'><strong>Ι,</strong></span> <span class='ocrx_word' id='word_1_18' title='bbox 505 753 538 816; x_wconf 91' lang='lat' dir='ltr'><strong>p.</strong></span> <span class='ocrx_word' id='word_1_19' title='bbox 561 729 604 794; x_wconf 76' lang='lat'><strong>72</strong></span> <span class='ocrx_word' id='word_1_20' title='bbox 626 748 694 816; x_wconf 90' lang='lat' dir='ltr'><strong>sqq.</strong></span> 
     </span>
    </p>
   </div>
   <div class='ocr_carea' id='block_1_4' title="bbox 209 1032 1164 1237">
    <p class='ocr_par' dir='ltr' id='par_1_4' title="bbox 209 1032 1164 1237">
     <span class='ocr_line' id='line_1_4' title="bbox 466 1032 857 1104; baseline -0.005 -15"><span class='ocrx_word' id='word_1_21' title='bbox 466 1035 668 1092; x_wconf 78' lang='lat' dir='ltr'><strong>uioaaouus</strong></span> <span class='ocrx_word' id='word_1_22' title='bbox 686 1039 745 1090; x_wconf 78' lang='lat' dir='ltr'><strong>nu.</strong></span> <span class='ocrx_word' id='word_1_23' title='bbox 759 1037 794 1104; x_wconf 83' lang='lat' dir='ltr'><strong>V,</strong></span> <span class='ocrx_word' id='word_1_24' title='bbox 812 1032 857 1088; x_wconf 75' lang='lat' dir='ltr'><strong>aa.</strong></span> 
     </span>
     <span class='ocr_line' id='line_1_5' title="bbox 209 1142 1164 1237; baseline -0.002 -20"><span class='ocrx_word' id='word_1_25' title='bbox 209 1146 275 1217; x_wconf 77' lang='grc' dir='ltr'><strong>Οὐκ</strong></span> <span class='ocrx_word' id='word_1_26' title='bbox 289 1144 518 1231; x_wconf 75' lang='grc' dir='ltr'><strong><em>ἀποθνήσκειν</em></strong></span> <span class='ocrx_word' id='word_1_27' title='bbox 532 1151 582 1217; x_wconf 83' lang='grc' dir='ltr'><strong>δεῖ</strong></span> <span class='ocrx_word' id='word_1_28' title='bbox 595 1175 651 1236; x_wconf 73' lang='grc' dir='ltr'><strong>μσς</strong></span> <span class='ocrx_word' id='word_1_29' title='bbox 666 1153 700 1216; x_wconf 88' lang='grc' dir='ltr'><strong>τί</strong></span> <span class='ocrx_word' id='word_1_30' title='bbox 712 1171 770 1237; x_wconf 82' lang='grc' dir='ltr'><strong>μοι</strong></span> <span class='ocrx_word' id='word_1_31' title='bbox 783 1151 881 1235; x_wconf 80' lang='grc' dir='ltr'><strong><em>μέλει,</em></strong></span> <span class='ocrx_word' id='word_1_32' title='bbox 895 1142 937 1229; x_wconf 82' lang='grc' dir='ltr'><strong>ἤν</strong></span> <span class='ocrx_word' id='word_1_33' title='bbox 951 1172 986 1215; x_wconf 79' lang='grc' dir='ltr'><strong>τι</strong></span> <span class='ocrx_word' id='word_1_34' title='bbox 996 1145 1164 1237; x_wconf 80' lang='grc' dir='ltr'><strong><em>ποδαγρός</em></strong></span> 
     </span>
    </p>
   </div>
   <div class='ocr_carea' id='block_1_5' title="bbox 137 1254 1162 4038">
    <p class='ocr_par' dir='ltr' id='par_1_5' title="bbox 203 1254 1089 1460">
     <span class='ocr_line' id='line_1_6' title="bbox 247 1254 1025 1349; baseline -0.001 -22"><span class='ocrx_word' id='word_1_35' title='bbox 247 1255 290 1341; x_wconf 79' lang='grc' dir='ltr'><strong>ἥν</strong></span> <span class='ocrx_word' id='word_1_36' title='bbox 311 1283 346 1326; x_wconf 86' lang='grc' dir='ltr'><strong>τε</strong></span> <span class='ocrx_word' id='word_1_37' title='bbox 368 1254 507 1349; x_wconf 76' lang='grc' dir='ltr'><em>δρομεὺς</em></span> <span class='ocrx_word' id='word_1_38' title='bbox 530 1256 672 1347; x_wconf 74' lang='grc' dir='ltr'><strong><em>γεγονὼς</em></strong></span> <span class='ocrx_word' id='word_1_39' title='bbox 695 1267 740 1339; x_wconf 73' lang='grc' dir='ltr'><strong>εἰς</strong></span> <span class='ocrx_word' id='word_1_40' title='bbox 757 1258 873 1342; x_wconf 84' lang='grc' dir='ltr'><strong><em>Ἀέδην</em></strong></span> <span class='ocrx_word' id='word_1_41' title='bbox 894 1255 1025 1344; x_wconf 72' lang='grc' dir='ltr'><strong><em>ὑπάγως</em></strong></span> 
     </span>
     <span class='ocr_line' id='line_1_7' title="bbox 203 1368 1089 1460; baseline -0.001 -22"><span class='ocrx_word' id='word_1_42' title='bbox 203 1373 321 1441; x_wconf 79' lang='grc' dir='ltr'><strong><em>πολλοὶ</em></strong></span> <span class='ocrx_word' id='word_1_43' title='bbox 342 1368 406 1458; x_wconf 78' lang='grc' dir='ltr'><strong>γάρ</strong></span> <span class='ocrx_word' id='word_1_44' title='bbox 428 1369 463 1460; x_wconf 85' lang='grc' dir='ltr'><strong>μ’</strong></span> <span class='ocrx_word' id='word_1_45' title='bbox 484 1375 648 1459; x_wconf 76' lang='grc' dir='ltr'><strong><em>αἴρουσιν·</em></strong></span> <span class='ocrx_word' id='word_1_46' title='bbox 671 1374 709 1438; x_wconf 68' lang='lat' dir='ltr'><strong>tu</strong></span> <span class='ocrx_word' id='word_1_47' title='bbox 728 1368 838 1459; x_wconf 83' lang='grc' dir='ltr'><strong><em>χωλόν</em></strong></span> <span class='ocrx_word' id='word_1_48' title='bbox 859 1395 900 1458; x_wconf 82' lang='grc' dir='ltr'><strong>με</strong></span> <span class='ocrx_word' id='word_1_49' title='bbox 922 1373 1089 1457; x_wconf 75' lang='grc' dir='ltr'><strong><em>γενέσθαι.</em></strong></span> 
     </span>
    </p>

    <p class='ocr_par' dir='ltr' id='par_1_6' title="bbox 137 1476 1162 2037">
     <span class='ocr_line' id='line_1_8' title="bbox 247 1476 1029 1572; baseline -0.001 -23"><span class='ocrx_word' id='word_1_50' title='bbox 247 1480 344 1549; x_wconf 82' lang='grc' dir='ltr'><strong><em>τῶνδ’</em></strong></span> <span class='ocrx_word' id='word_1_51' title='bbox 365 1488 471 1548; x_wconf 80' lang='grc' dir='ltr'><strong><em>ένεκτν</em></strong></span> <span class='ocrx_word' id='word_1_52' title='bbox 491 1476 557 1572; x_wconf 73' lang='grc' dir='ltr'><strong>γάρ</strong></span> <span class='ocrx_word' id='word_1_53' title='bbox 580 1482 658 1562; x_wconf 86' lang='grc' dir='ltr'><strong><em>ἰ’σως</em></strong></span> <span class='ocrx_word' id='word_1_54' title='bbox 680 1478 794 1550; x_wconf 79' lang='grc' dir='ltr'><strong><em>οὔποτ’</em></strong></span> <span class='ocrx_word' id='word_1_55' title='bbox 812 1486 854 1548; x_wconf 80' lang='grc' dir='ltr'><strong>ἐῶ</strong></span> <span class='ocrx_word' id='word_1_56' title='bbox 876 1477 1029 1559; x_wconf 77' lang='grc' dir='ltr'><em>θιάσους.</em></span> 
     </span>
     <span class='ocr_line' id='line_1_9' title="bbox 159 1611 1161 1707; baseline 0.002 -25"><span class='ocrx_word' id='word_1_57' title='bbox 159 1619 267 1682; x_wconf 85' lang='lat' dir='ltr'><strong>Versu</strong></span> <span class='ocrx_word' id='word_1_58' title='bbox 295 1620 391 1683; x_wconf 86' lang='lat' dir='ltr'><strong>tertio</strong></span> <span class='ocrx_word' id='word_1_59' title='bbox 421 1617 497 1682; x_wconf 86' lang='lat' dir='ltr'><strong>olim</strong></span> <span class='ocrx_word' id='word_1_60' title='bbox 519 1617 689 1707; x_wconf 82' lang='lat' dir='ltr'><strong>legebatur</strong></span> <span class='ocrx_word' id='word_1_61' title='bbox 705 1618 834 1684; x_wconf 75' lang='grc' dir='ltr'><strong>ιπολλοὶ</strong></span> <span class='ocrx_word' id='word_1_62' title='bbox 855 1611 919 1706; x_wconf 78' lang='grc' dir='ltr'><strong>γάρ</strong></span> <span class='ocrx_word' id='word_1_63' title='bbox 947 1615 983 1703; x_wconf 67' lang='grc' dir='ltr'><strong>μζ</strong></span> <span class='ocrx_word' id='word_1_64' title='bbox 1007 1621 1161 1702; x_wconf 78' lang='grc' dir='ltr'><strong><em>ἐρέουσιν.</em></strong></span> 
     </span>
     <span class='ocr_line' id='line_1_10' title="bbox 159 1728 1162 1818; baseline 0.001 -24"><span class='ocrx_word' id='word_1_65' title='bbox 159 1728 341 1795; x_wconf 86' lang='lat' dir='ltr'><strong>Brunckius</strong></span> <span class='ocrx_word' id='word_1_66' title='bbox 362 1731 546 1816; x_wconf 75' lang='grc' dir='ltr'><strong><em>ἐρέθουσιν.</em></strong></span> <span class='ocrx_word' id='word_1_67' title='bbox 592 1728 677 1796; x_wconf 89' lang='lat' dir='ltr'><strong>Cod.</strong></span> <span class='ocrx_word' id='word_1_68' title='bbox 699 1728 766 1794; x_wconf 89' lang='lat' dir='ltr'><strong>Pal.</strong></span> <span class='ocrx_word' id='word_1_69' title='bbox 789 1729 947 1818; x_wconf 74' lang='grc' dir='ltr'><strong><em>αἱροῦσιν.</em></strong></span> <span class='ocrx_word' id='word_1_70' title='bbox 990 1729 1087 1796; x_wconf 83' lang='lat' dir='ltr'><strong>Unde</strong></span> <span class='ocrx_word' id='word_1_71' title='bbox 1107 1732 1162 1795; x_wconf 88' lang='lat' dir='ltr'><strong>Ja-</strong></span> 
     </span>
     <span class='ocr_line' id='line_1_11' title="bbox 137 1833 1161 1928; baseline 0.003 -24"><span class='ocrx_word' id='word_1_72' title='bbox 137 1840 287 1905; x_wconf 70' lang='lat' dir='ltr'><strong>·¹cobsius</strong></span> <span class='ocrx_word' id='word_1_73' title='bbox 312 1838 412 1904; x_wconf 86' lang='lat' dir='ltr'><strong>edidit</strong></span> <span class='ocrx_word' id='word_1_74' title='bbox 433 1839 591 1928; x_wconf 79' lang='grc' dir='ltr'><strong><em>αἴρουσιν.</em></strong></span> <span class='ocrx_word' id='word_1_75' title='bbox 644 1833 686 1906; x_wconf 78' lang='lat' dir='ltr'><strong>At</strong></span> <span class='ocrx_word' id='word_1_76' title='bbox 708 1841 848 1906; x_wconf 90' lang='lat' dir='ltr'><strong>futurum</strong></span> <span class='ocrx_word' id='word_1_77' title='bbox 871 1843 1081 1905; x_wconf 84' lang='lat' dir='ltr'><strong>necessarium</strong></span> <span class='ocrx_word' id='word_1_78' title='bbox 1105 1852 1161 1923; x_wconf 84' lang='lat' dir='ltr'><strong>est,</strong></span> 
     </span>
     <span class='ocr_line' id='line_1_12' title="bbox 160 1950 1139 2037; baseline 0.003 -22"><span class='ocrx_word' id='word_1_79' title='bbox 160 1950 247 2037; x_wconf 91' lang='lat' dir='ltr'><strong>quod</strong></span> <span class='ocrx_word' id='word_1_80' title='bbox 270 1952 369 2016; x_wconf 88' lang='lat' dir='ltr'><strong>sensit</strong></span> <span class='ocrx_word' id='word_1_81' title='bbox 392 1955 484 2017; x_wconf 84' lang='lat' dir='ltr'><strong>etiam</strong></span> <span class='ocrx_word' id='word_1_82' title='bbox 508 1952 655 2032; x_wconf 87' lang='lat' dir='ltr'><strong>Grotius,</strong></span> <span class='ocrx_word' id='word_1_83' title='bbox 677 1955 766 2017; x_wconf 93' lang='lat' dir='ltr'><strong>cuius</strong></span> <span class='ocrx_word' id='word_1_84' title='bbox 789 1951 868 2017; x_wconf 81' lang='lat' dir='ltr'><strong>haec</strong></span> <span class='ocrx_word' id='word_1_85' title='bbox 890 1961 938 2016; x_wconf 83' lang='lat' dir='ltr'><strong>est</strong></span> <span class='ocrx_word' id='word_1_86' title='bbox 959 1952 1139 2020; x_wconf 82' lang='lat' dir='ltr'><strong>translatio:</strong></span> 
     </span>
    </p>

    <p class='ocr_par' dir='ltr' id='par_1_7' title="bbox 202 2051 1051 2141">
     <span class='ocr_line' id='line_1_13' title="bbox 202 2051 1051 2141; baseline 0.001 -13"><span class='ocrx_word' id='word_1_87' title='bbox 202 2062 299 2128; x_wconf 86' lang='lat' dir='ltr'><strong>Multi</strong></span> <span class='ocrx_word' id='word_1_88' title='bbox 320 2085 370 2128; x_wconf 82' lang='lat' dir='ltr'><strong>me</strong></span> <span class='ocrx_word' id='word_1_89' title='bbox 393 2063 525 2141; x_wconf 87' lang='lat' dir='ltr'><strong>tollent;</strong></span> <span class='ocrx_word' id='word_1_90' title='bbox 547 2051 621 2129; x_wconf 75' lang='lat' dir='ltr'><strong>fiain</strong></span> <span class='ocrx_word' id='word_1_91' title='bbox 644 2067 713 2129; x_wconf 85' lang='lat' dir='ltr'><strong>sine</strong></span> <span class='ocrx_word' id='word_1_92' title='bbox 736 2063 881 2128; x_wconf 87' lang='lat' dir='ltr'><strong>claudus:</strong></span> <span class='ocrx_word' id='word_1_93' title='bbox 904 2063 947 2128; x_wconf 93' lang='lat' dir='ltr'><strong>ob</strong></span> <span class='ocrx_word' id='word_1_94' title='bbox 969 2062 1051 2129; x_wconf 92' lang='lat' dir='ltr'><strong>illud</strong></span> 
     </span>
    </p>

    <p class='ocr_par' dir='ltr' id='par_1_8' title="bbox 155 2172 1161 4038">
     <span class='ocr_line' id='line_1_14' title="bbox 245 2172 904 2241; baseline 0.005 -3"><span class='ocrx_word' id='word_1_95' title='bbox 245 2195 287 2237; x_wconf 86' lang='lat' dir='ltr'><strong>ne</strong></span> <span class='ocrx_word' id='word_1_96' title='bbox 310 2172 419 2239; x_wconf 84' lang='lat' dir='ltr'><strong>dulces</strong></span> <span class='ocrx_word' id='word_1_97' title='bbox 442 2174 562 2241; x_wconf 85' lang='lat' dir='ltr'><strong>thiasos</strong></span> <span class='ocrx_word' id='word_1_98' title='bbox 585 2179 626 2241; x_wconf 89' lang='lat' dir='ltr'><strong>sit</strong></span> <span class='ocrx_word' id='word_1_99' title='bbox 647 2177 724 2240; x_wconf 92' lang='lat' dir='ltr'><strong>mihi</strong></span> <span class='ocrx_word' id='word_1_100' title='bbox 747 2174 904 2241; x_wconf 85' lang='lat' dir='ltr'><strong>deserere.</strong></span> 
     </span>
     <span class='ocr_line' id='line_1_15' title="bbox 158 2283 1161 2375; baseline 0.002 -25"><span class='ocrx_word' id='word_1_101' title='bbox 158 2284 368 2350; x_wconf 79' lang='lat' dir='ltr'><strong>scribendum</strong></span> <span class='ocrx_word' id='word_1_102' title='bbox 396 2289 493 2375; x_wconf 85' lang='lat' dir='ltr'><strong>igitur</strong></span> <span class='ocrx_word' id='word_1_103' title='bbox 514 2283 665 2372; x_wconf 82' lang='grc' dir='ltr'><strong><em>ἀροῦσιν,</em></strong></span> <span class='ocrx_word' id='word_1_104' title='bbox 694 2284 782 2373; x_wconf 89' lang='lat' dir='ltr'><strong>quod</strong></span> <span class='ocrx_word' id='word_1_105' title='bbox 811 2295 898 2350; x_wconf 85' lang='lat' dir='ltr'><strong>recte</strong></span> <span class='ocrx_word' id='word_1_106' title='bbox 920 2288 1020 2372; x_wconf 87' lang='lat' dir='ltr'><strong>prima</strong></span> <span class='ocrx_word' id='word_1_107' title='bbox 1041 2287 1161 2373; x_wconf 87' lang='lat' dir='ltr'><strong>produ-</strong></span> 
     </span>
     <span class='ocr_line' id='line_1_16' title="bbox 159 2395 1159 2486; baseline 0.003 -25"><span class='ocrx_word' id='word_1_108' title='bbox 159 2407 208 2461; x_wconf 87' lang='lat' dir='ltr'><strong>cta</strong></span> <span class='ocrx_word' id='word_1_109' title='bbox 238 2395 302 2460; x_wconf 87' lang='lat' dir='ltr'><strong>dici</strong></span> <span class='ocrx_word' id='word_1_110' title='bbox 329 2397 432 2462; x_wconf 91' lang='lat' dir='ltr'><strong>adhuc</strong></span> <span class='ocrx_word' id='word_1_111' title='bbox 461 2399 591 2462; x_wconf 90' lang='lat' dir='ltr'><strong>nonnisi</strong></span> <span class='ocrx_word' id='word_1_112' title='bbox 613 2400 793 2462; x_wconf 84' lang='lat' dir='ltr'><strong>Atticorum</strong></span> <span class='ocrx_word' id='word_1_113' title='bbox 820 2405 987 2483; x_wconf 84' lang='lat' dir='ltr'><strong>poetarum</strong></span> <span class='ocrx_word' id='word_1_114' title='bbox 1009 2399 1159 2486; x_wconf 84' lang='lat' dir='ltr'><strong>exemplis</strong></span> 
     </span>
     <span class='ocr_line' id='line_1_17' title="bbox 157 2507 1159 2597; baseline 0.004 -25"><span class='ocrx_word' id='word_1_115' title='bbox 157 2507 332 2573; x_wconf 86' lang='lat' dir='ltr'><strong>constabat.</strong></span> <span class='ocrx_word' id='word_1_116' title='bbox 377 2509 486 2573; x_wconf 87' lang='lat' dir='ltr'><strong>Versu</strong></span> <span class='ocrx_word' id='word_1_117' title='bbox 507 2518 620 2594; x_wconf 87' lang='lat' dir='ltr'><strong>quarto</strong></span> <span class='ocrx_word' id='word_1_118' title='bbox 642 2508 812 2574; x_wconf 87' lang='lat' dir='ltr'><strong>Jacobsius</strong></span> <span class='ocrx_word' id='word_1_119' title='bbox 835 2508 984 2575; x_wconf 88' lang='lat' dir='ltr'><strong>Grotium</strong></span> <span class='ocrx_word' id='word_1_120' title='bbox 1009 2521 1159 2597; x_wconf 81' lang='lat' dir='ltr'><strong>sequutus</strong></span> 
     </span>
     <span class='ocr_line' id='line_1_18' title="bbox 158 2613 1158 2710; baseline 0.004 -26"><span class='ocrx_word' id='word_1_121' title='bbox 158 2622 288 2685; x_wconf 86' lang='lat' dir='ltr'><strong>coniicit</strong></span> <span class='ocrx_word' id='word_1_122' title='bbox 314 2617 409 2685; x_wconf 83' lang='grc' dir='ltr'><strong><em>τῶνδ’</em></strong></span> <span class='ocrx_word' id='word_1_123' title='bbox 443 2625 548 2685; x_wconf 77' lang='grc' dir='ltr'><strong><em>ἕνεκεν</em></strong></span> <span class='ocrx_word' id='word_1_124' title='bbox 571 2613 715 2707; x_wconf 82' lang='grc' dir='ltr'><strong><em>χαρτοδς</em></strong></span> <span class='ocrx_word' id='word_1_125' title='bbox 743 2619 816 2702; x_wconf 84' lang='lat' dir='ltr'>(vel</span> <span class='ocrx_word' id='word_1_126' title='bbox 843 2617 922 2686; x_wconf 77' lang='grc' dir='ltr'><strong><em>ἕνεκ’</em></strong></span> <span class='ocrx_word' id='word_1_127' title='bbox 952 2617 1158 2710; x_wconf 77' lang='grc' dir='ltr'><strong><em>εὐχαρίτους)</em></strong></span> 
     </span>
     <span class='ocr_line' id='line_1_19' title="bbox 158 2724 1154 2807; baseline 0 -10"><span class='ocrx_word' id='word_1_128' title='bbox 158 2724 269 2797; x_wconf 79' lang='grc' dir='ltr'><strong><em>οὔποτ’</em></strong></span> <span class='ocrx_word' id='word_1_129' title='bbox 299 2733 342 2795; x_wconf 85' lang='grc' dir='ltr'><strong>έῶ</strong></span> <span class='ocrx_word' id='word_1_130' title='bbox 370 2726 522 2807; x_wconf 90' lang='grc' dir='ltr'><strong><em>θιάσους.</em></strong></span> <span class='ocrx_word' id='word_1_131' title='bbox 572 2731 736 2796; x_wconf 76' lang='grc' dir='ltr'><strong><em>Ροέυίεεοέ</em></strong></span> <span class='ocrx_word' id='word_1_132' title='bbox 764 2731 900 2798; x_wconf 69' lang='grc' dir='ltr'><strong><em>δονέοντο</em></strong></span> <span class='ocrx_word' id='word_1_133' title='bbox 927 2730 1031 2797; x_wconf 84' lang='lat' dir='ltr'><strong>lenius</strong></span> <span class='ocrx_word' id='word_1_134' title='bbox 1058 2731 1154 2797; x_wconf 89' lang='grc' dir='ltr'><strong><em>τῶνδ’</em></strong></span> 
     </span>
     <span class='ocr_line' id='line_1_20' title="bbox 157 2835 1159 2930; baseline 0 -22"><span class='ocrx_word' id='word_1_135' title='bbox 157 2847 262 2908; x_wconf 76' lang='grc' dir='ltr'><strong><em>ἕνεκεν</em></strong></span> <span class='ocrx_word' id='word_1_136' title='bbox 286 2844 443 2929; x_wconf 82' lang='grc' dir='ltr'><strong><em>Χαρίτων</em></strong></span> <span class='ocrx_word' id='word_1_137' title='bbox 473 2835 587 2907; x_wconf 80' lang='grc' dir='ltr'><strong><em>οὔποτ’</em></strong></span> <span class='ocrx_word' id='word_1_138' title='bbox 613 2842 655 2905; x_wconf 84' lang='grc' dir='ltr'><strong>έῶ</strong></span> <span class='ocrx_word' id='word_1_139' title='bbox 680 2837 838 2921; x_wconf 75' lang='grc' dir='ltr'><strong><em>θιάσους,</em></strong></span> <span class='ocrx_word' id='word_1_140' title='bbox 867 2845 928 2907; x_wconf 83' lang='lat' dir='ltr'><strong>nisi</strong></span> <span class='ocrx_word' id='word_1_141' title='bbox 950 2842 983 2908; x_wconf 97' lang='lat' dir='ltr'><strong>id</strong></span> <span class='ocrx_word' id='word_1_142' title='bbox 1004 2864 1065 2930; x_wconf 89' lang='lat' dir='ltr'><strong>pro</strong></span> <span class='ocrx_word' id='word_1_143' title='bbox 1087 2867 1159 2930; x_wconf 87' lang='lat' dir='ltr'><strong>per-</strong></span> 
     </span>
     <span class='ocr_line' id='line_1_21' title="bbox 156 2939 1157 3042; baseline 0.001 -24"><span class='ocrx_word' id='word_1_144' title='bbox 156 2973 237 3018; x_wconf 88' lang='lat' dir='ltr'><strong>sona</strong></span> <span class='ocrx_word' id='word_1_145' title='bbox 265 2954 400 3020; x_wconf 88' lang='lat' dir='ltr'><strong>dicentis</strong></span> <span class='ocrx_word' id='word_1_146' title='bbox 428 2952 538 3040; x_wconf 90' lang='lat' dir='ltr'><strong>paullo</strong></span> <span class='ocrx_word' id='word_1_147' title='bbox 561 2939 772 3019; x_wconf 80' lang='lat' dir='ltr'><strong>verecundius</strong></span> <span class='ocrx_word' id='word_1_148' title='bbox 801 2963 893 3019; x_wconf 87' lang='lat' dir='ltr'><strong>esset.</strong></span> <span class='ocrx_word' id='word_1_149' title='bbox 944 2954 1054 3042; x_wconf 86' lang='lat' dir='ltr'><strong>Itaque</strong></span> <span class='ocrx_word' id='word_1_150' title='bbox 1083 2955 1157 3020; x_wconf 83' lang='lat' dir='ltr'><strong>vide</strong></span> 
     </span>
     <span class='ocr_line' id='line_1_22' title="bbox 157 3058 1153 3154; baseline 0.001 -24"><span class='ocrx_word' id='word_1_151' title='bbox 157 3067 263 3130; x_wconf 88' lang='lat' dir='ltr'><strong>auita</strong></span> <span class='ocrx_word' id='word_1_152' title='bbox 286 3064 488 3130; x_wconf 83' lang='lat' dir='ltr'><strong>scribendum</strong></span> <span class='ocrx_word' id='word_1_153' title='bbox 509 3067 563 3129; x_wconf 86' lang='lat' dir='ltr'><strong>sit:</strong></span> <span class='ocrx_word' id='word_1_154' title='bbox 586 3061 681 3129; x_wconf 88' lang='grc' dir='ltr'><strong><em>τῶνδ’</em></strong></span> <span class='ocrx_word' id='word_1_155' title='bbox 704 3069 808 3130; x_wconf 80' lang='grc' dir='ltr'><strong><em>έυεκεν</em></strong></span> <span class='ocrx_word' id='word_1_156' title='bbox 830 3059 894 3154; x_wconf 77' lang='grc' dir='ltr'><strong>γάρ</strong></span> <span class='ocrx_word' id='word_1_157' title='bbox 916 3062 958 3130; x_wconf 67' lang='grc' dir='ltr'><strong><em>δ’δ’</em></strong></span> <span class='ocrx_word' id='word_1_158' title='bbox 977 3061 1020 3142; x_wconf 86' lang='grc' dir='ltr'><strong>ῶς</strong></span> <span class='ocrx_word' id='word_1_159' title='bbox 1041 3058 1153 3131; x_wconf 80' lang='grc' dir='ltr'><strong><em>οὔποτ’</em></strong></span> 
     </span>
     <span class='ocr_line' id='line_1_23' title="bbox 156 3172 1156 3264; baseline 0.001 -24"><span class='ocrx_word' id='word_1_160' title='bbox 156 3177 199 3241; x_wconf 83' lang='grc' dir='ltr'><strong>έῶ</strong></span> <span class='ocrx_word' id='word_1_161' title='bbox 219 3172 379 3255; x_wconf 79' lang='grc' dir='ltr'><strong><em>θιάσους,</em></strong></span> <span class='ocrx_word' id='word_1_162' title='bbox 407 3197 471 3262; x_wconf 88' lang='lat' dir='ltr'><strong>quo</strong></span> <span class='ocrx_word' id='word_1_163' title='bbox 500 3176 599 3241; x_wconf 91' lang='lat' dir='ltr'><strong>modo</strong></span> <span class='ocrx_word' id='word_1_164' title='bbox 626 3177 786 3241; x_wconf 91' lang='lat' dir='ltr'><strong>Diotimus</strong></span> <span class='ocrx_word' id='word_1_165' title='bbox 814 3176 971 3264; x_wconf 85' lang='lat' dir='ltr'><strong>loquutus</strong></span> <span class='ocrx_word' id='word_1_166' title='bbox 990 3187 1039 3242; x_wconf 88' lang='lat' dir='ltr'><strong>est</strong></span> <span class='ocrx_word' id='word_1_167' title='bbox 1060 3177 1156 3242; x_wconf 89' lang='lat' dir='ltr'><strong>Anth.</strong></span> 
     </span>
     <span class='ocr_line' id='line_1_24' title="bbox 155 3281 1158 3376; baseline 0 -24"><span class='ocrx_word' id='word_1_168' title='bbox 155 3287 223 3353; x_wconf 89' lang='lat' dir='ltr'><strong>Pal.</strong></span> <span class='ocrx_word' id='word_1_169' title='bbox 244 3289 287 3366; x_wconf 84' lang='lat' dir='ltr'><strong>V,</strong></span> <span class='ocrx_word' id='word_1_170' title='bbox 311 3290 374 3354; x_wconf 88' lang='grc'><strong>106</strong></span> <span class='ocrx_word' id='word_1_171' title='bbox 402 3282 464 3367; x_wconf 82' lang='grc' dir='ltr'><strong>τὴν</strong></span> <span class='ocrx_word' id='word_1_172' title='bbox 491 3281 596 3368; x_wconf 82' lang='grc' dir='ltr'><strong><em>ὶδιιιὴν</em></strong></span> <span class='ocrx_word' id='word_1_173' title='bbox 619 3285 716 3374; x_wconf 84' lang='grc' dir='ltr'><strong><em>οἶμον</em></strong></span> <span class='ocrx_word' id='word_1_174' title='bbox 737 3286 780 3353; x_wconf 77' lang='grc' dir='ltr'><strong>ἴδ’</strong></span> <span class='ocrx_word' id='word_1_175' title='bbox 805 3286 848 3366; x_wconf 88' lang='grc' dir='ltr'><strong>ὡς</strong></span> <span class='ocrx_word' id='word_1_176' title='bbox 870 3292 1029 3376; x_wconf 80' lang='grc' dir='ltr'><strong><em>φέρομαι,</em></strong></span> <span class='ocrx_word' id='word_1_177' title='bbox 1054 3287 1158 3353; x_wconf 86' lang='lat' dir='ltr'><strong>multi-</strong></span> 
     </span>
     <span class='ocr_line' id='line_1_25' title="bbox 156 3398 1157 3486; baseline 0.001 -23"><span class='ocrx_word' id='word_1_178' title='bbox 156 3420 217 3484; x_wconf 83' lang='lat' dir='ltr'><strong>que</strong></span> <span class='ocrx_word' id='word_1_179' title='bbox 247 3398 316 3478; x_wconf 89' lang='lat' dir='ltr'><strong>alii,</strong></span> <span class='ocrx_word' id='word_1_180' title='bbox 351 3420 485 3484; x_wconf 90' lang='lat' dir='ltr'><strong>quorum</strong></span> <span class='ocrx_word' id='word_1_181' title='bbox 521 3401 702 3465; x_wconf 87' lang='lat' dir='ltr'><strong>testimonia</strong></span> <span class='ocrx_word' id='word_1_182' title='bbox 737 3402 887 3486; x_wconf 88' lang='lat' dir='ltr'><strong>apposuit</strong></span> <span class='ocrx_word' id='word_1_183' title='bbox 914 3399 1084 3466; x_wconf 84' lang='lat' dir='ltr'><strong>Jacobsius</strong></span> <span class='ocrx_word' id='word_1_184' title='bbox 1117 3399 1157 3464; x_wconf 94' lang='lat' dir='ltr'><strong>ad</strong></span> 
     </span>
     <span class='ocr_line' id='line_1_26' title="bbox 155 3509 1158 3597; baseline 0.001 -22"><span class='ocrx_word' id='word_1_185' title='bbox 155 3509 251 3575; x_wconf 84' lang='lat' dir='ltr'><strong>Anth.</strong></span> <span class='ocrx_word' id='word_1_186' title='bbox 272 3509 362 3576; x_wconf 88' lang='lat' dir='ltr'><strong>Plan.</strong></span> <span class='ocrx_word' id='word_1_187' title='bbox 377 3511 434 3589; x_wconf 82' lang='lat' dir='ltr'><strong>lv,</strong></span> <span class='ocrx_word' id='word_1_188' title='bbox 453 3512 524 3577; x_wconf 79' lang='lat'>182.</span> <span class='ocrx_word' id='word_1_189' title='bbox 559 3511 665 3597; x_wconf 84' lang='lat' dir='ltr'><strong>Quam</strong></span> <span class='ocrx_word' id='word_1_190' title='bbox 687 3513 757 3597; x_wconf 92' lang='lat' dir='ltr'><strong>quis</strong></span> <span class='ocrx_word' id='word_1_191' title='bbox 779 3512 884 3578; x_wconf 82' lang='lat' dir='ltr'><strong>editae</strong></span> <span class='ocrx_word' id='word_1_192' title='bbox 905 3510 1053 3577; x_wconf 81' lang='lat' dir='ltr'><strong>lectionis</strong></span> <span class='ocrx_word' id='word_1_193' title='bbox 1068 3521 1158 3577; x_wconf 86' lang='lat' dir='ltr'><strong>tuen-</strong></span> 
     </span>
     <span class='ocr_line' id='line_1_27' title="bbox 156 3620 1157 3710; baseline 0 -24"><span class='ocrx_word' id='word_1_194' title='bbox 156 3620 217 3687; x_wconf 84' lang='lat' dir='ltr'><strong>dae</strong></span> <span class='ocrx_word' id='word_1_195' title='bbox 239 3624 393 3688; x_wconf 84' lang='lat' dir='ltr'><strong>rationem</strong></span> <span class='ocrx_word' id='word_1_196' title='bbox 416 3624 496 3686; x_wconf 85' lang='lat' dir='ltr'><strong>inire</strong></span> <span class='ocrx_word' id='word_1_197' title='bbox 519 3625 629 3708; x_wconf 77' lang='lat' dir='ltr'><strong>possit</strong></span> <span class='ocrx_word' id='word_1_198' title='bbox 651 3631 688 3687; x_wconf 93' lang='lat' dir='ltr'><strong>ut</strong></span> <span class='ocrx_word' id='word_1_199' title='bbox 708 3620 785 3700; x_wconf 72' lang='grc' dir='ltr'><strong><em>ἴσως</em></strong></span> <span class='ocrx_word' id='word_1_200' title='bbox 808 3645 877 3689; x_wconf 91' lang='lat' dir='ltr'><strong>cum</strong></span> <span class='ocrx_word' id='word_1_201' title='bbox 895 3623 1000 3689; x_wconf 80' lang='lat' dir='ltr'><strong>Attica</strong></span> <span class='ocrx_word' id='word_1_202' title='bbox 1023 3623 1157 3710; x_wconf 85' lang='lat' dir='ltr'><strong>quadam</strong></span> 
     </span>
     <span class='ocr_line' id='line_1_28' title="bbox 155 3711 1156 3821; baseline 0.001 -24"><span class='ocrx_word' id='word_1_203' title='bbox 155 3732 311 3799; x_wconf 88' lang='lat' dir='ltr'><strong>modestia</strong></span> <span class='ocrx_word' id='word_1_204' title='bbox 334 3745 366 3800; x_wconf 88' lang='lat' dir='ltr'><strong>et</strong></span> <span class='ocrx_word' id='word_1_205' title='bbox 384 3735 565 3799; x_wconf 81' lang='lat' dir='ltr'><strong>urbanitate</strong></span> <span class='ocrx_word' id='word_1_206' title='bbox 588 3735 782 3814; x_wconf 88' lang='lat' dir='ltr'><strong>(Buttmann.</strong></span> <span class='ocrx_word' id='word_1_207' title='bbox 799 3735 839 3800; x_wconf 91' lang='lat' dir='ltr'><strong>ad</strong></span> <span class='ocrx_word' id='word_1_208' title='bbox 854 3711 1006 3821; x_wconf 81' lang='lat' dir='ltr'><strong>sophocl.</strong></span> <span class='ocrx_word' id='word_1_209' title='bbox 1022 3735 1156 3799; x_wconf 89' lang='lat' dir='ltr'><strong>Philoct.</strong></span> 
     </span>
     <span class='ocr_line' id='line_1_29' title="bbox 158 3845 1156 3934; baseline 0 -25"><span class='ocrx_word' id='word_1_210' title='bbox 158 3847 230 3910; x_wconf 81' lang='lat'>186.</span> <span class='ocrx_word' id='word_1_211' title='bbox 265 3845 426 3912; x_wconf 80' lang='lat' dir='ltr'><strong>Schaefer.</strong></span> <span class='ocrx_word' id='word_1_212' title='bbox 450 3846 490 3911; x_wconf 88' lang='lat' dir='ltr'><strong>ad</strong></span> <span class='ocrx_word' id='word_1_213' title='bbox 504 3847 653 3934; x_wconf 87' lang='lat' dir='ltr'><strong>Longum</strong></span> <span class='ocrx_word' id='word_1_214' title='bbox 674 3869 705 3932; x_wconf 87' lang='lat' dir='ltr'><strong>p.</strong></span> <span class='ocrx_word' id='word_1_215' title='bbox 720 3848 799 3926; x_wconf 80' lang='lat'>357)</span> <span class='ocrx_word' id='word_1_216' title='bbox 823 3846 864 3912; x_wconf 85' lang='lat' dir='ltr'><strong>de</strong></span> <span class='ocrx_word' id='word_1_217' title='bbox 885 3857 1023 3913; x_wconf 77' lang='lat' dir='ltr'><strong>redorta</strong></span> <span class='ocrx_word' id='word_1_218' title='bbox 1039 3846 1156 3912; x_wconf 85' lang='lat' dir='ltr'><strong>dictum</strong></span> 
     </span>
     <span class='ocr_line' id='line_1_30' title="bbox 156 3956 951 4038; baseline 0.004 -18"><span class='ocrx_word' id='word_1_219' title='bbox 156 3977 226 4022; x_wconf 84' lang='lat' dir='ltr'><strong>esse</strong></span> <span class='ocrx_word' id='word_1_220' title='bbox 248 3958 438 4038; x_wconf 86' lang='lat' dir='ltr'><strong>contendat,</strong></span> <span class='ocrx_word' id='word_1_221' title='bbox 462 3981 501 4025; x_wconf 90' lang='lat' dir='ltr'><strong>ea</strong></span> <span class='ocrx_word' id='word_1_222' title='bbox 523 3958 564 4024; x_wconf 92' lang='lat' dir='ltr'><strong>ab</strong></span> <span class='ocrx_word' id='word_1_223' title='bbox 585 3956 744 4023; x_wconf 89' lang='lat' dir='ltr'><strong>hocloco</strong></span> <span class='ocrx_word' id='word_1_224' title='bbox 768 3956 871 4021; x_wconf 85' lang='lat' dir='ltr'><strong>aliena</strong></span> <span class='ocrx_word' id='word_1_225' title='bbox 894 3966 951 4023; x_wconf 81' lang='lat' dir='ltr'><strong>est.</strong></span> 
     </span>
    </p>
   </div>
   <div class='ocr_carea' id='block_1_6' title="bbox 880 4180 957 4244">
    <p class='ocr_par' dir='ltr' id='par_1_9' title="bbox 880 4180 957 4244">
     <span class='ocr_line' id='line_1_31' title="bbox 880 4180 957 4244; baseline 0 0"><span class='ocrx_word' id='word_1_226' title='bbox 880 4180 957 4244; x_wconf 77' lang='lat'><strong>12*</strong></span> 
     </span>
    </p>
   </div>
   <div class='ocr_carea' id='block_1_7' title="bbox 0 0 1518 4826">
    <p class='ocr_par' dir='ltr' id='par_1_10' title="bbox 0 0 1518 4826">
     <span class='ocr_line' id='line_1_32' title="bbox 0 0 1518 4826; baseline 0 2"><span class='ocrx_word' id='word_1_227' title='bbox 0 0 1518 4826; x_wconf 95' lang='lat' dir='ltr'><strong> </strong></span> 
     </span>
    </p>
   </div>
  </div>
 </body>
</html>
