3028 4826
359 462 411 518 180
702 457 1020 520 conmortuus.

645 656 846 712 mcmcnus
864 660 922 711 rar.
935 659 989 726 vr,
1007 654 1069 710 ree.

402 767 546 860 Κύπριδι
559 766 620 838 τδν
634 768 792 839 κάλαθόν
806 795 841 838 τε
856 765 898 837 τά
913 774 1017 852 πηνία
1031 773 1087 837 καὶ
1102 765 1145 836 τά
1161 766 1221 838 σύν
1236 768 1351 849 αὐτοῖς

447 877 560 974 ἄρρεν’
587 884 642 951 ἐπὶ
662 879 834 973 προδόμου
855 878 966 949 πάντα
986 884 1092 971 πυρῆς
1113 884 1222 948 ίθετο.

359 1021 461 1084 Recte
489 1028 596 1085 tuetru
622 1018 795 1085 Jacobsius
830 1017 918 1105 quod
950 1018 1092 1084 secundo
1120 1041 1216 1083 versu
1243 1019 1367 1106 legitur

358 1132 472 1219 πυρῆς.
515 1132 671 1197 Nimirum
692 1152 775 1220 rogo
800 1139 874 1195 ante
899 1129 985 1194 feres
1010 1139 1154 1195 extructo
1177 1131 1367 1216 imponebat

360 1243 436 1307 artis
463 1263 539 1307 suae
575 1247 783 1309 instrumenta
810 1242 972 1306 Nicaceta.
1029 1240 1094 1307 Sed
1128 1244 1232 1328 primo
1268 1264 1366 1306 versu
1410 1299 1413 1305 .

360 1362 534 1440 transpone
555 1347 615 1421 τὸν
636 1347 792 1420 κάλαθον
813 1346 856 1415 τά
877 1374 912 1417 τε
934 1355 1015 1432 πηνί
1039 1400 1047 1417 .

669 1672 857 1724 nunninus
874 1671 934 1722 ru.
947 1671 988 1737 x,
1007 1668 1051 1722 ss.

359 1780 492 1848 Nullum
517 1793 637 1850 certum
666 1788 818 1850 castitatis
846 1784 1011 1851 mulierum
1039 1783 1190 1850 indicium
1219 1806 1289 1850 esse
1316 1785 1366 1849 di-

361 1897 416 1971 cit;
439 1905 546 1981 turpes
569 1894 721 1983 adspectu
742 1919 839 1983 saepe
862 1918 933 1961 esse
955 1895 1177 1976 salacissimus,
1206 1897 1365 1961 formosas

360 2015 466 2072 autem
487 2016 588 2072 castas
612 2019 645 2072 et
664 2008 806 2095 pudicas.
852 2011 935 2074 Tum
956 2011 1001 2074 ita
1021 2011 1140 2097 pergit:

405 2138 464 2208 οὐκ
485 2138 515 2207 εί
534 2165 584 2219 τις
604 2137 738 2224 συνάγει
758 2137 819 2220 τάς
840 2139 970 2233 ὀφρύας
991 2141 1066 2210 οὐδὲ
1087 2144 1216 2228 γελῶσα

417 2339 423 2350 ο
449 2254 605 2343 φαίνεται
626 2251 783 2343 ὀφθῆναί
803 2251 832 2318 τ’
860 2250 1021 2343 ἀνδράσιν
1042 2259 1236 2342 ἐκτρέπεται,

405 2359 621 2454 σωφροσύνης
641 2361 764 2454 τρόπος
786 2356 881 2442 οὗτος
902 2370 1066 2451 ἐχέγγυος·
1097 2360 1183 2432 ἀλλά
1205 2388 1253 2440 τις
1274 2358 1366 2450 εύροι

448 2471 605 2562 μαχλάδα
625 2477 686 2562 μὲν
707 2473 852 2566 κρύβδην
873 2470 934 2557 τὴν
955 2473 1045 2544 πάνυ
1066 2469 1278 2562 σεμνοτάτην,

405 2581 466 2664 τάς
487 2584 516 2653 δ’
538 2579 657 2676 ἱλαράς
677 2589 734 2653 καὶ
753 2589 837 2653 πάσι
859 2583 1106 2679 φιλανθρώπως
1126 2581 1328 2675 προσιούσας

449 2693 639 2788 σώφρονας,
662 2704 689 2764 εὶ
710 2694 852 2789 σώφρων
874 2701 944 2766 ἐστὶ
964 2694 1047 2784 γυνη
1067 2723 1117 2776 τις
1138 2694 1230 2774 ὅλως.
1346 2759 1350 2766 .

404 2806 517 2893 ἡλικίᾳ
538 2812 650 2876 τοίνυν
671 2805 750 2874 τάδε
771 2811 911 2896 κρίνετε·
935 2806 1008 2875 ἀλλ’
1032 2807 1233 2898 Ἀφροδίτης

450 2918 589 3006 οίστρων
610 2915 742 3008 είρήνην
764 2917 839 2986 οὐδὲ
860 2914 901 2986 τὸ
922 2921 1027 3009 γῆρας
1048 2916 1130 3005 άγει.

406 3026 516 3120 ὅρκοις
536 3025 654 3098 λοιπὸν
676 3015 729 3097 dei
749 3054 783 3096 τι
803 3033 1031 3117 πεποίθαμεν·
1054 3027 1141 3098 ἀλλὰ
1161 3027 1243 3116 μεθ’
1263 3027 1365 3118 ὅρκον

450 3141 557 3222 ζητεῖν
578 3144 647 3209 ἐστὶ
668 3137 773 3220 θεούς
798 3139 923 3208 δώδεκα
944 3146 1118 3231 καινερέσυ.

361 3284 467 3348 Primo
489 3283 604 3348 horum
624 3305 774 3349 versuum
794 3284 984 3349 vinciendae
999 3285 1152 3348 orationis
1174 3305 1267 3349 causa
1289 3287 1364 3348 scri-
1424 3300 1427 3308 ’

361 3393 502 3460 bendum
530 3390 600 3461 οὐδ’
626 3392 656 3459 εί
682 3419 741 3472 τις.
784 3396 892 3461 Versu
920 3398 1034 3474 tertio,
1060 3417 1153 3483 quem
1181 3415 1249 3459 non
1275 3404 1363 3460 recte

363 3505 512 3593 explicari
532 3497 638 3585 rideo,
660 3501 876 3600 σωφροσύνης
895 3505 1016 3594 pendet
1037 3505 1082 3572 cb
1105 3509 1262 3592 ἐχέγγυος.
1306 3507 1365 3571 Di-

361 3618 488 3683 stichon
510 3627 655 3703 quartum
676 3616 828 3703 adscripsi
844 3640 880 3682 ex
894 3618 1039 3683 Jacobsii
1053 3621 1245 3682 coniectura.
1278 3615 1362 3683 Ccd.

362 3727 474 3813 ἡλικίᾳ
502 3730 614 3794 τοίνυν
638 3725 698 3809 ,ἡδε
725 3725 863 3817 κρίνετ’·
900 3726 973 3794 ἀλλ’
1001 3727 1203 3820 Ἀφροδίτης
1231 3725 1365 3817 οἶστρον

363 3834 492 3929 εἰρήνης
520 3835 595 3906 οὐδὲ
616 3863 649 3907 τι
669 3841 776 3927 γῆρας
796 3836 878 3906 άεί..
909 3839 1002 3926 Quae
1029 3842 1193 3906 verissime
1222 3850 1364 3906 correcta

363 3960 447 4031 sunt,
468 3953 530 4017 nisi
551 3951 639 4038 quod
660 3961 827 4038 praeterea
849 3955 992 4043 κρίνεται
1009 3952 1220 4018 scribendum.
1252 3951 1365 4018 Verba

295 4111 302 4128 ,
363 4073 466 4129 autem
488 4065 567 4130 haec
588 4067 634 4129 sic
654 4063 862 4155 intelligenda
884 4074 972 4145 sunt,
996 4068 1086 4152 quasi
1109 4063 1299 4130 obiiciantur
1322 4062 1363 4128 ab
