3026 4816
325 466 379 523 llo
596 463 856 522 ADNO'I'A'I'IO
880 462 1066 524 Clll'l'lCA.

325 613 380 708 ἐφ’
406 613 540 702 ὡραίοις
562 614 650 680 Plan.
695 620 873 705 ἐσφορέοος
893 615 962 682 Pal.
990 616 1048 682 sed
1075 618 1109 681 in
1136 637 1237 705 marg.
1265 619 1331 706 ῥω-

324 729 441 814 ραίοις.
485 729 543 792 Vs.
565 729 587 793 3
616 722 784 793 ἁδόπνοον
804 726 977 793 Jacobsius
1004 732 1038 793 in
1060 731 1147 794 notis
1168 749 1228 816 pro
1251 722 1331 809 ἡδό-

323 860 437 905 πνοον.
472 839 519 904 lb.
543 827 616 904 cod.
638 832 792 904 τιθεόσω.
828 837 918 904 Plan.
941 839 1092 904 τίθεσσο.

411 951 500 1015 VIII.
541 950 595 1014 Vs.
620 952 636 1014 l
667 944 722 1014 ὑπ’
748 942 880 1035 decana
902 948 969 1015 Pal.
1012 942 1077 1016 ὑπὸ
1104 945 1217 1016 πλόκοι
1238 949 1328 1015 Plan.

324 1060 412 1148 quod
448 1061 528 1126 nibil
557 1070 615 1126 est.
672 1061 709 1126 In
737 1053 869 1148 όρπακα
897 1059 974 1147 quid
1008 1059 1108 1126 lateat
1134 1061 1244 1127 forsan
1274 1060 1329 1126 alii

325 1182 451 1238 eruent:
474 1175 551 1260 quin
574 1181 758 1257 corruptum
780 1173 911 1237 sitnon
934 1171 1057 1237 dubito.
1095 1172 1189 1258 Quae
1210 1173 1329 1238 Jacob-

323 1287 389 1349 sius
412 1284 507 1349 aflert
528 1305 566 1349 ex
588 1285 868 1372 epigrammataris
890 1286 995 1370 poetis
1009 1285 1145 1350 vitiosae
1161 1305 1328 1350 mensurae

324 1393 476 1483 exempla,
498 1417 536 1460 ea
554 1417 591 1460 ex
604 1397 748 1483 pessimis
763 1395 831 1460 fere
845 1397 952 1481 poetis
969 1396 1070 1481 petita
1083 1404 1167 1460 sunt
1194 1395 1329 1460 Accedit

323 1505 412 1592 quod
434 1499 539 1593 όρπηξ
561 1517 594 1572 et
614 1501 700 1573 κλολη
714 1509 766 1571 vix
788 1509 871 1570 inter
885 1527 920 1571 se
935 1505 1098 1571 differunt
1132 1507 1190 1571 Vs.
1208 1508 1230 1572 3
1254 1506 1325 1573 cod.

323 1610 435 1705 όρεόν.
479 1617 568 1682 Plan.
591 1613 729 1704 ἀραιόν,
758 1616 845 1704 quod
875 1638 979 1704 neque
1009 1616 1050 1682 ad
1071 1615 1260 1703 prosodicas
1280 1615 1327 1682 le-

323 1749 382 1816 ges
404 1749 509 1814 neque
531 1727 572 1793 ad
594 1731 782 1794 sententiam
806 1738 914 1815 aptum
937 1738 994 1794 est.
1032 1726 1133 1814 Quod
1155 1731 1239 1793 enim
1260 1729 1327 1793 Ilo-

322 1859 429 1904 merus
443 1840 563 1904 Veneri
581 1846 678 1925 χεῖρα
699 1832 821 1926 dcccclv
835 1839 953 1920 tribuit,
975 1838 1010 1904 id
1031 1837 1112 1904 nihil
1127 1838 1167 1904 ad
1181 1849 1326 1906 nostrum

322 1948 428 2016 locum
451 1951 559 2016 lacere
581 1959 724 2038 apertum
747 1960 804 2016 est.

412 2063 469 2140 IX,
510 2063 588 2128 Non
609 2064 731 2141 Niciae,
756 2061 815 2127 sed
836 2062 1024 2127 Nicaearcbi
1045 2062 1233 2147 poemation
1256 2083 1326 2128 esse

322 2171 499 2260 probabilis
529 2184 579 2240 est
607 2175 789 2239 coniectura
810 2173 963 2238 Jacobsii.
1007 2173 1110 2239 Μ
1138 2171 1209 2238 cod.
1238 2166 1325 2238 ὠιόν.

322 2283 434 2374 Vulgo
457 2281 532 2351 ὠόη.
565 2286 661 2350 Vs.3
684 2279 802 2365 ἐπόησε
824 2306 882 2372 pro
906 2279 1024 2368 ἐβόησε
1038 2282 1220 2349 brunellus
1236 2305 1328 2370 prae-

181 2427 185 2436 ·
323 2405 419 2462 eunte
442 2396 634 2485 Anonymo,
656 2399 710 2484 qui
731 2397 873 2477 ἐποίησε.

725 2569 927 2581 ..—---

568 2713 812 2772 mumius
833 2712 1075 2774 multis.

410 2844 536 2910 Patriae
564 2847 762 2910 notationem
784 2845 945 2933 suggessit
967 2840 1039 2907 cod.
1061 2839 1130 2907 Pal.
1153 2843 1208 2927 qui
1229 2839 1327 2906 habet

322 2956 479 3039 Διοτίμου
502 2955 681 3035 Μιλησίου.
717 2957 811 3021 Vs.l
836 2965 923 3022 recte
938 2953 1010 3019 cod.
1034 2953 1116 3044 φίλη
1132 2955 1325 3040 detersum.

321 3065 494 3131 Jacobsius
515 3066 697 3153 requirebat
719 3067 819 3150 φίλης
841 3068 1033 3153 θρέπτειρο.
1065 3065 1227 3130 Debuisse
1242 3067 1326 3130 enim

321 3186 451 3265 poetam
474 3176 589 3257 dicere,
613 3181 701 3243 cuius
716 3181 869 3244 nutricem
887 3177 1112 3264 alloqueretur.
1151 3176 1195 3241 At
1209 3174 1327 3263 puella,

323 3311 405 3376 quae
427 3288 548 3354 nullam
571 3288 644 3354 dum
668 3290 933 3356 consuetudinem
948 3313 1018 3354 cum
1034 3287 1248 3366 adolescente,
1271 3289 1327 3374 qui
1352 3339 1355 3346 .

322 3405 391 3467 eius
412 3403 548 3490 vestigia
570 3401 777 3488 sequebatur,
798 3401 961 3479 babuerat,
983 3401 1076 3466 buius
1099 3400 1182 3491 φίλη
1203 3401 1256 3464 vix
1277 3419 1327 3463 re·
1458 3477 1462 3485 .

322 3523 373 3579 cte
396 3513 458 3579 dici
480 3515 593 3601 potuit
632 3514 794 3602 Expressit
815 3522 913 3601 poeta
928 3514 1132 3579 Homericum
1151 3511 1235 3601 φίλη
1248 3533 1326 3598 τρο-

322 3620 397 3716 φός.
439 3623 574 3690 Accedit
595 3624 682 3712 quod
702 3630 797 3710 μαῖα,
818 3620 952 3715 τροφός,
977 3618 1080 3704 τιτθή
1104 3632 1137 3688 et
1158 3619 1270 3687 similia
1291 3624 1327 3686 in

321 3738 485 3805 blanditiis
514 3735 681 3809 habendae
710 3746 798 3815 sunt,
833 3736 947 3822 quibus
981 3735 1153 3800 utebantur
1181 3735 1274 3798 etiam
1303 3734 1326 3796 ii

321 3854 378 3938 qui
404 3850 530 3916 illarum
558 3848 677 3915 alumni
699 3869 767 3914 non
789 3857 905 3915 essent.
950 3848 1008 3912 Vs.
1030 3849 1052 3912 2
1080 3848 1194 3912 merito
1215 3845 1327 3908 baeret

321 3961 493 4029 Jacobsius
522 3965 556 4028 in
585 3962 636 4039 δίς
663 3957 779 4040 τόσον,
807 3982 868 4048 pro
899 3982 962 4047 quo
990 3953 1157 4044 δύσμορον
1178 3957 1326 4023 coniecit.

322 4078 474 4144 Fortasse
496 4075 601 4142 lenius
624 4077 766 4164 corrigas
789 4067 831 4155 δὴ
853 4068 961 4140 τόσον.
1002 4074 1061 4138 Vs.
1080 4074 1100 4137 4
1124 4068 1251 4157 puellae
1273 4089 1328 4133 ve-
